1703 2961
207 142 213 151 ·
231 133 311 178 144
675 133 732 189 Q.
771 132 973 176 CURTH
1000 132 1151 187 Ruri

227 248 344 290 hosti
378 248 571 289 laturum
609 247 741 289 fuisse
781 245 892 302 regis
931 252 1077 302 caput.
1136 243 1231 286 Nec
1259 244 1420 296 mirari,
1450 245 1593 288 homi·
1623 268 1643 290 π

230 335 334 361 nem
366 320 572 361 mercede
604 319 876 362 conductum
907 317 1055 358 omnia
1082 316 1248 357 habere
1276 317 1465 358 venalia:
1501 318 1592 360 sine

228 392 423 449 pignore,
465 392 555 432 sine
596 391 699 437 lare,
737 398 956 430 terrarum
997 389 1115 430 orbis
1142 387 1323 438 exulem,
1354 389 1593 446 ancipitem

228 463 419 510 hostem,
449 463 503 505 ad
540 471 699 504 nutum
738 461 966 502 licentium
999 459 1287 502 circumferri.
1350 459 1584 518 Purganti¹
1624 478 1643 505 3

229 535 386 576 deinde
416 550 474 581 se,
514 534 705 589 deosque
735 532 899 588 patrios
929 539 1057 573 testes
1100 530 1201 572 fidei
1233 546 1334 572 suae
1367 532 1590 576 invocanti

226 608 396 648 Dareus
437 605 558 646 vultu
595 604 958 653 assentiebatur,²
1002 603 1122 644 haud
1154 603 1322 653 dubius,
1351 605 1457 661 quin
1489 621 1590 648 vera

229 678 508 720 deferrentur
539 693 562 717 a
594 675 797 725 Graecis;
826 675 901 716 sed
933 691 984 716 eo
1017 690 1165 716 rerum
1194 684 1375 717 ventum
1405 684 1510 727 erat,
1542 686 1591 719 ut

227 758 320 791 tarn
363 749 662 806 periculosum
699 754 809 789 esset
846 762 937 788 non
975 746 1153 787 credere
1182 748 1279 797 suis,
1313 764 1446 805 quam
1476 750 1591 791 deei-

226 823 284 879 pi.
347 835 433 860 xxx
464 820 580 860 milia
612 827 750 868 erant,
784 833 974 875 quorum
1004 817 1209 859 inclinata
1249 819 1292 859 in
1321 820 1458 862 scelus
1489 821 1589 862 levi·
1620 840 1643 865 4
1701 834 1703 849 ¹

225 903 291 935 tas
318 894 576 934 timebatur:
606 905 647 931 lv
676 891 794 932 milia
826 892 991 931 Patron
1022 889 1234 939 habebat3
1267 891 1424 946 quibus
1443 894 1474 934 si
1499 909 1589 935 cre·
1700 902 1703 918 ⁴

227 966 406 1007 didisset
434 965 619 1006 salutem
651 978 789 1010 suam,
819 962 1026 1003 damnata
1058 961 1336 1017 popularium
1367 962 1463 1014 fide,
1483 980 1590 1021 par·

223 1038 380 1080 ricidio
412 1037 736 1079 excusationem
765 1034 940 1075 videbat
971 1033 1133 1075 offerri.
1178 1037 1331 1091 Itaque
1361 1045 1590 1092 praeopta-
1622 1054 1639 1081 s
1699 1081 1701 1087 ,

222 1112 299 1153 bat
333 1110 567 1156 immerito,
614 1123 747 1164 quam
789 1105 880 1147 iure
918 1105 1082 1149 violari.
1146 1106 1279 1146 Besso
1313 1114 1462 1147 tamen
1491 1108 1590 1149 insi-

225 1184 397 1225 diarum
438 1180 669 1222 consilium
709 1177 911 1234 purganti
953 1177 1199 1233 respondit,
1244 1178 1474 1219 Alexandri
1506 1180 1586 1221 sibi

222 1271 314 1297 non
346 1253 491 1294 minus
519 1250 740 1298 iustitiam,
772 1265 904 1306 quam
934 1249 1153 1298 virtutem,
1186 1265 1275 1291 esse
1290 1258 1582 1306 perspectam.

220 1326 327 1368 Falli
365 1340 450 1372 eos,
489 1323 560 1379 qui
591 1321 853 1378 proditionis
884 1321 938 1361 ab
970 1336 1020 1361 eo
1052 1322 1301 1375 praemium
1335 1330 1585 1377 expectent.-

221 1398 405 1439 violatae
446 1395 546 1435 fidei
587 1392 811 1434 neminem
851 1393 1067 1434 acriorem
1102 1393 1199 1434 fore
1225 1394 1444 1435 vindicem
1477 1395 1587 1436 ulto-

219 1485 415 1525 remque.
478 1469 659 1522 lamque
696 1480 783 1505 nox
817 1464 1075 1520 appetebat,
1126 1480 1228 1506 cuin
1268 1466 1422 1506 Persae
1458 1481 1583 1508 more
1616 1480 1639 1508 6

220 1543 349 1584 solito
381 1540 510 1583 armis
547 1537 698 1593 positis
739 1536 794 1577 ad
824 1536 1067 1577 necessaria
1096 1551 1145 1576 ex
1172 1537 1374 1592 proximo
1403 1538 1499 1579 vico
1523 1538 1585 1580 fe-

219 1615 356 1656 renda
395 1613 657 1654 discurrunt.
746 1609 806 1648 At
842 1607 1085 1658 Bactriani,
1138 1614 1187 1648 ut
1238 1607 1507 1664 imperatum
1558 1627 1580 1652 a

218 1688 351 1728 Besso
384 1684 524 1732 erat,³
559 1679 715 1722 armati
746 1679 934 1721 stabant.

153 1764 208 1806 33
304 1760 424 1799 Inter
449 1755 558 1796 haee
589 1754 758 1793 Dareus
790 1751 1058 1791 Artabazum
1090 1751 1219 1792 acciri
1252 1751 1384 1799 iubet,
1417 1755 1582 1809 exposi-

1618 1774 1633 1798 κΙ

215 1833 369 1889 iisque,
404 1843 512 1884 quae
545 1826 709 1867 Patron
748 1823 974 1872 detulerat,
1012 1823 1130 1864 haud
1166 1823 1364 1865 dubitare
1396 1827 1581 1866 Artaba-

216 1920 304 1952 zus,
346 1900 450 1958 quin
499 1895 817 1939 transeundum
866 1903 976 1935 esset
1011 1894 1055 1934 in
1103 1903 1241 1935 castra
1290 1896 1576 1953 Graecorum.

213 1980 366 2021 Persas
393 1986 567 2030 quoque
594 1967 788 2025 periculo
820 1967 992 2023 vulgato
1026 1975 1265 2010 secuturos.
1321 1968 1574 2012 Destinatus
1612 1986 1630 2012 8
1690 1993 1694 2004 .

215 2049 321 2093 sorti
355 2061 469 2090 suae,
501 2050 543 2083 et
574 2042 662 2081 iam
692 2039 846 2080 nullius
870 2039 1049 2079 salubris
1081 2040 1246 2080 consilii
1276 2040 1454 2096 patiens,
1485 2043 1576 2083 uni-

216 2138 312 2166 cam
341 2119 386 2160 in
421 2116 488 2156 illa
525 2113 702 2153 fortuna
743 2128 874 2168 opem
906 2112 1187 2161 Artabazum,
1222 2112 1422 2153 ultimum
1453 2113 1573 2154 inum

213 2196 391 2240 visurus,
425 2184 723 2243 amplectitur3
760 2183 1045 2240 perfususque
1085 2185 1247 2225 mutuis
1280 2185 1481 2235 lacrimis,
1512 2186 1574 2227 in-

213 2268 472 2310 haerentem
509 2256 585 2298 sibi
625 2256 743 2297 avelli
779 2255 921 2296 iubet:
961 2254 1102 2311 capite
1143 2256 1298 2296 deinde
1331 2257 1486 2307 velato,
1515 2274 1569 2299 ne

212 2340 329 2381 inter
364 2332 547 2391 gemitus
581 2328 895 2385 digredientem
932 2326 1047 2367 velut
1086 2342 1108 2367 a
1143 2329 1285 2382 rogo4
1315 2327 1570 2379 intueretur,

213 2412 258 2452 in
298 2410 486 2450 humum
525 2417 716 2457 pronum
763 2413 921 2454 corpus
958 2398 1129 2441 abiecit.
1194 2401 1311 2440 Tum
1351 2415 1453 2442 vero
1495 2417 1566 2442 cu-
1597 2418 1616 2448 9

1483 2480 1568 2513 sto-

215 2588 233 2612 1
261 2585 322 2619 De
350 2580 586 2615 coniectura.
632 2574 748 2610 Codcl.
786 2574 970 2620 arguenti.
1285 2573 1304 2599 2
1332 2575 1571 2613 assenfieban

302 2637 319 2667 3
350 2641 428 2668 erat
455 2643 477 2664 a
503 2633 633 2664 Besso.
837 2629 858 2659 4
882 2638 980 2671 rege.
