1703 2961
238 150 291 190 θα
683 140 739 196 Q.
771 139 974 183 CURTn
1003 139 1147 182 RUFI

242 256 521 303 cessitudines
556 255 680 302 Here,
719 260 763 295 et
799 252 950 294 solatia
986 267 1077 293 non
1109 250 1329 303 adhibere,
1360 252 1434 294 sed
1464 268 1591 310 quae·

242 346 351 373 rere.
414 328 528 371 Cibo
567 333 685 368 certe
725 323 944 373 abstinuit,
983 338 1250 379 omnemque
1280 322 1499 364 honorem
1528 324 1598 365 su-

243 402 353 450 neri,
391 399 534 458 patrio
574 398 807 439 Persarum
834 409 971 446 more,
1003 395 1197 444 servavit,
1227 394 1378 450 dignus
1406 394 1599 446 hercule,

245 474 319 531 qui
349 488 467 514 nune
505 485 680 527 quoque
717 476 889 509 tantum
932 475 975 508 et
998 471 1012 492 ¹
1053 466 1397 508 mansuetudinis
1429 473 1472 507 et
1500 482 1603 509 con-

243 544 453 588 tinentiae
492 542 605 583 serat
638 540 845 582 fructum.
908 539 1053 581 Semel
1085 538 1266 580 omnino
1298 553 1395 579 eam
1422 538 1600 590 viderat,
1615 556 1679 597 29-

245 632 334 675 quo
377 616 444 657 die
483 620 608 670 capta
643 620 719 660 est,
756 627 838 654 nec
879 618 925 651 ut
962 611 1120 668 ipsam,
1157 610 1231 651 sed
1271 617 1320 650 ut
1350 609 1482 651 Darei
1513 622 1604 651 ma-

244 697 359 731 trem
417 686 603 734 videret,
661 684 949 740 eximiamque
1003 681 1376 740 pulchritudinem
1432 680 1604 722 formae
1662 680 1666 683 ’

247 761 336 802 eius
367 774 457 800 non
477 755 663 798 libidinis
680 754 895 796 habuerat
914 753 1266 801 invitamentum,
1281 756 1301 778 ²
1334 753 1409 794 sed
1429 752 1603 810 gloriae.

185 833 238 877 42
332 833 369 873 E
410 828 686 886 spadonibus,
731 827 803 883 qui
846 826 961 868 circa
991 826 1187 883 reginam
1218 833 1355 875 erant,
1386 825 1666 882 'l‘yriotes,2s

248 905 363 946 inter
396 900 737 955 trepidationem
774 898 1017 955 lugentium
1057 897 1223 954 elapsus
1259 910 1340 953 per
1376 911 1473 937 eam
1507 911 1610 954 por-

247 984 355 1023 tam,
384 988 507 1030 quae,
545 971 643 1028 quia
686 970 739 1011 ab
765 969 892 1011 hoste
923 984 1067 1011 aversa
1098 977 1204 1020 erat,
1231 968 1363 1010 levius
1395 968 1610 1010 custodie-

249 1049 391 1095 batur,
431 1046 485 1086 ad
521 1044 652 1085 Darei
698 1049 836 1083 castra
868 1042 1078 1098 pervenit,
1111 1048 1402 1098 exceptusque
1434 1054 1456 1082 a
1484 1040 1611 1097 vigili-

249 1121 350 1166 bus,
397 1119 442 1159 in
489 1115 822 1158 tabernaculum
865 1114 974 1169 regis
1018 1113 1296 1169 perducitur,
1348 1127 1526 1170 gemens
1565 1120 1609 1154 et

249 1197 366 1233 veste
403 1189 603 1230 lacerata.
688 1185 834 1240 Quem
884 1194 932 1226 ut
975 1185 1198 1241 conspexit
1233 1187 1425 1235 Dareus,
1466 1184 1677 1225 multi-26

249 1262 351 1321 plici
390 1259 553 1303 doloris
593 1258 895 1315 expectatione
933 1253 1198 1307 commotus,
1231 1264 1275 1298 et
1306 1257 1411 1313 quid
1444 1257 1612 1313 potissi-
1661 1284 1664 1286 -

251 1350 377 1377 mum
411 1333 598 1380 timeret,
634 1331 836 1380 incertus,
879 1332 1049 1379 Vultus,
1091 1329 1246 1385 inquit,
1287 1341 1384 1370 tuus
1412 1329 1428 1356 ³
1468 1332 1611 1371 nescio

252 1407 368 1464 quod
407 1409 556 1459 ingens
596 1405 753 1444 malum
781 1400 990 1460 praefert,
1020 1403 1097 1442 sed
1121 1417 1227 1443 cave
1255 1404 1401 1443 miseri
1426 1404 1613 1444 hominis

251 1480 427 1523 auribus
456 1491 636 1532 parcas:
673 1479 816 1517 didici
837 1478 857 1502 4
891 1491 980 1516 csse
1005 1471 1177 1532 ‘'ffel‘'”ss
1211 1486 1254 1516 et
1283 1489 1410 1529 saepe
1439 1476 1596 1515 calami

252 1556 365 1597 tacis
399 1553 604 1594 solacium
649 1560 714 1590 est
751 1565 874 1591 nosse
911 1561 1070 1590 sortem
1105 1564 1236 1588 suam.
1318 1551 1456 1596 Num,
1493 1550 1668 1604 qu0d27

255 1628 444 1668 maxime
471 1626 668 1677 suspicor
698 1633 742 1663 et
767 1624 886 1676 loqui
912 1624 1058 1666 timeo,
1085 1622 1275 1661 ludibria
1300 1636 1485 1661 meorum
1510 1638 1608 1663 nun-

256 1702 446 1742 tiaturus
487 1713 553 1745 es,
605 1697 712 1735 milti
761 1705 817 1743 ec,
860 1704 908 1734 uc
943 1695 1091 1742 credo,
1131 1696 1241 1746 ipsis
1285 1709 1448 1749 quoque
1493 1698 1610 1736 omni

254 1773 455 1813 tristiora
483 1770 497 1795 ⁵
532 1769 776 1822 supplicio?
829 1765 897 1805 Ad
919 1765 1024 1805 haec
1047 1765 1263 1816 Tyriotes,
1289 1769 1417 1808 Istud
1435 1769 1606 1823 quidem
1621 1783 1668 1812 28

253 1844 401 1900 procul
436 1842 567 1889 abest,
604 1839 762 1894 inquit:
808 1848 1153 1893 quantuscunque
1188 1841 1298 1879 euim
1337 1842 1499 1893 reginis
1538 1843 1609 1882 ho-

255 1914 365 1958 nos6
397 1915 449 1954 ab
484 1915 553 1954 his
584 1913 659 1966 qui
694 1922 850 1965 parent
891 1911 1039 1951 haberi
1074 1921 1237 1964 potest,
1265 1915 1353 1953 tuis
1382 1929 1408 1952 a
1436 1915 1606 1956 victore

254 1998 455 2030 servatus
486 1996 565 2034 est,
591 1986 668 2025 sed
697 2000 806 2025 uxor
836 1995 911 2026 tua
940 1984 1074 2038 paulo
1104 1995 1203 2025 ant-e
1229 1988 1416 2027 excessit
1443 2003 1464 2026 e
1487 1984 1604 2031 vica.

256 2062 373 2101 Tum
400 2072 504 2119 vero
528 2072 618 2097 non
649 2057 833 2113 gemitus
865 2056 1015 2106 modo,
1053 2056 1128 2096 sed
1160 2056 1292 2098 etiam
1336 2057 1519 2100 eiulatus
1546 2067 1671 2106 to-29

255 2133 311 2173 tis
342 2130 489 2172 castris
528 2128 889 2170 exaudiebantur:
931 2142 1012 2167 nec
1050 2128 1264 2170 dubitavit
1291 2131 1472 2179 Dareus,
1503 2131 1608 2187 quin

256 2203 484 2245 interfecta
515 2208 640 2250 esset,
667 2199 765 2256 quia
797 2199 1013 2256 nequisset
1045 2199 1355 2240 contumeliam
1384 2202 1566 2258 perpeti.
1588 2206 1606 2228 ⁷

254 2276 566 2329 Exclamatque
599 2286 749 2313 amens
785 2271 956 2313 dolore:
1016 2273 1147 2334 Quod
1172 2288 1249 2326 ego
1286 2283 1451 2315 tantum
1487 2274 1610 2333 nefas

254 2350 463 2395 commisi,
501 2346 772 2387 Alexander?
824 2359 945 2400 quem
984 2355 1152 2386 cuorum
1179 2349 1518 2403 propinquorum
1543 2365 1610 2392 ne-

250 2537 266 2559 1
305 2534 425 2567 ahc-sc,
674 2530 695 2555 2
737 2531 1042 2564 incitamentum.
1292 2533 1311 2563 3
1345 2542 1428 2568 tuus
1465 2536 1603 2581 inquit.

335 2593 358 2619 4
382 2584 545 2618 additur
569 2585 683 2617 onim.
934 2587 953 2613 5
988 2587 1171 2631 graviora.
1418 2587 1439 2612 6
1463 2588 1600 2622 honor.

336 2641 352 2659 ⁷
374 2639 467 2685 pati.
