1703 2961
244 116 327 159 266
689 117 746 174 Q.
785 117 987 162 CUR'rn
1013 119 1153 163 RUFI

248 229 438 270 nationis
467 229 572 271 vitio
602 229 818 282 adulator,
847 238 892 274 et
921 239 1066 274 cetera
1094 231 1271 274 urbium
1302 248 1479 276 suarum
1498 249 1598 291 pur—

245 301 462 357 gamenta,
493 317 604 359 quae
633 302 892 360 propinquis
918 305 1052 346 etiarn
1074 305 1453 363 maximorumque
1484 322 1599 348 exer-

245 373 418 414 cituum
449 374 630 416 ducibus
674 391 695 416 a
726 390 827 432 rege
856 376 1230 433 praeferebantur.
1289 377 1344 418 Hi
1374 385 1469 419 tum
1501 394 1599 420 coe-
1656 406 1660 413 ·

242 443 336 485 lum
363 445 418 486 illi
448 446 714 502 aperiebant,
748 448 1071 506 Herculemque
1111 457 1154 492 et
1182 450 1358 491 Patrem
1389 449 1599 491 Liberum

244 525 289 557 et
320 533 422 559 cum
456 518 633 561 Polluce
679 517 911 562 Castorem
939 536 1056 563 novo
1086 520 1256 563 numini
1286 536 1481 564 cessuros
1506 536 1596 563 esse

242 588 479 631 iactabant.

183 660 234 700 18
330 661 465 717 Igitur
493 662 605 704 festo
633 663 703 704 die
736 664 857 706 omni
889 663 1108 722 opulentia
1130 663 1378 705 convivium
1398 664 1595 705 exornari
1624 682 1648 711 9
1685 706 1687 712 ,

244 732 378 781 iubet,
408 734 477 776 cui
507 748 599 775 non
637 736 906 778 Macedones
936 736 1073 778 modo
1103 744 1146 777 et
1177 735 1349 786 Graeci,
1379 736 1598 793 principes

243 805 516 856 amicorum,
547 807 621 848 sed
653 809 786 850 etiam
842 808 1040 850 nobiles¹
1086 807 1411 849 adhiberentur.
1479 807 1596 850 Cum

244 877 401 934 quibus
429 893 530 919 cum
570 878 857 922 discubuisset
893 895 978 930 rex,
1019 880 1238 937 paulisper
1270 879 1467 936 epulatus
1496 895 1599 922 con-

242 950 355 991 vivio
385 951 618 1008 egreditur.
674 952 797 1001 Cleo,
832 952 944 994 sicut
973 959 1284 1008 praeparatum
1320 953 1466 999 erat,²
1511 966 1660 996 ser-10
1688 939 1689 943 Ἰ

241 1037 424 1063 monem
465 1039 567 1065 cum
594 1024 881 1066 admiratione
911 1024 1093 1065 laudum
1125 1024 1214 1065 eius
1247 1022 1444 1064 instituit.
1504 1023 1598 1064 Me·
1687 1065 1690 1091 ἱ

242 1094 324 1135 rita
363 1095 520 1136 deinde
550 1097 813 1151 percensuit,
851 1096 1008 1154 quibus
1038 1111 1127 1137 uno
1157 1097 1294 1137 modo
1324 1093 1475 1135 referri
1505 1109 1598 1149 gra-

241 1167 351 1207 tiam
377 1169 552 1223 posse‚³
591 1167 639 1216 si,
677 1184 810 1224 quem
848 1168 1136 1224 intelligerent
1173 1168 1303 1208 deum
1331 1182 1433 1217 esse,
1464 1167 1599 1209 confi-

241 1245 452 1290 terentur,
483 1239 630 1297 exigua
663 1239 803 1282 thuris
834 1240 1031 1296 impensa
1060 1247 1179 1281 tanta
1209 1239 1420 1281 beneficia
1447 1255 1600 1296 pensa-

241 1310 343 1352 turi.
399 1311 550 1353 Persas
589 1311 769 1369 quidem
805 1326 898 1352 non
926 1312 997 1368 pie
1034 1312 1189 1361 solum,
1229 1312 1303 1352 sed
1335 1311 1467 1352 etiam
1498 1296 1692 1368 pru-ul

243 1381 400 1423 denter
455 1398 576 1441 reges
631 1399 731 1425 suos
790 1382 904 1423 inter
951 1383 1057 1424 deos
1108 1383 1271 1425 colere:
1325 1383 1599 1425 maiestatem
1688 1383 1693 1408 ¹

242 1453 360 1495 enim
403 1453 574 1509 imperii
622 1454 771 1496 salutis
813 1448 903 1496 esse
950 1454 1151 1496 tutelam.
1223 1455 1327 1496 Ne4
1364 1455 1600 1497 Herculem
1689 1448 1693 1500 l

242 1526 422 1582 quidem
453 1534 498 1568 et
528 1527 703 1568 Patrem
734 1526 944 1568 Liberum
974 1526 1094 1582 prius
1125 1526 1292 1568 dicatos
1325 1527 1442 1578 deos,
1464 1543 1599 1585 quarn
1689 1561 1693 1578 ,

240 1599 444 1640 vicissent
478 1615 630 1641 secum
671 1597 912 1640 viventium
943 1598 1174 1640 invidiam:
1203 1600 1466 1640 tantundem
1494 1614 1601 1656 quo·
1690 1591 1694 1649 i

243 1688 327 1729 que
369 1679 569 1728 posteros
609 1671 810 1721 credere,
849 1679 1064 1728 quantum
1098 1686 1303 1727 praesens
1349 1679 1467 1713 aetas
1503 1686 1601 1726 spo·
1690 1659 1703 1722 ᾗ

241 1744 478 1800 pondisset.
549 1743 720 1798 Quodsi
761 1743 891 1786 ceteri
925 1743 1138 1793 dubitent,
1170 1743 1466 1799 semetipsum,
1497 1759 1599 1785 curn
1615 1764 1660 1788 12
1692 1767 1694 1775 v

241 1829 316 1856 rex
361 1815 507 1857 inisset
554 1815 823 1867 convivium,
876 1823 1202 1873 prostraturum
1254 1814 1378 1855 humi
1425 1830 1598 1871 corpus.

240 1888 416 1929 Debere
458 1887 577 1929 idem
623 1886 768 1930 facere
819 1895 1011 1936 ceteros,
1059 1895 1103 1929 et
1147 1887 1345 1944 inprimis
1389 1887 1600 1944 sapientia

240 1960 482 2018 praeditos:
544 1960 598 2001 ab
649 1959 729 2001 illis
777 1960 894 2001 enim
933 1960 1073 2002 cultus
1102 1959 1146 2000 in
1177 1974 1325 2014 regem
1353 1959 1600 2015 exemplum

243 2048 331 2074 esse
363 2032 656 2088 prodendum.
678 2033 691 2059 ⁵
764 2031 894 2072 Haud
936 2031 1139 2087 perplexe
1177 2031 1221 2072 in
1262 2031 1660 2080 Callisthenen⁶13
1693 2030 1695 2078 J

244 2104 512 2162 dirigebatur
553 2103 710 2145 oratio.
775 2103 976 2146 Gravitas
1005 2103 1082 2144 viri
1115 2112 1158 2145 et
1186 2111 1393 2162 prompta
1421 2103 1597 2144 libertas

241 2176 375 2219 invisa
415 2183 509 2218 erat
551 2176 652 2233 regi,
691 2175 812 2233 quasi
852 2174 967 2216 solus
1016 2176 1282 2217 Macedonas
1331 2183 1506 2232 paratos
1542 2176 1597 2216 ad

240 2248 325 2289 tale
359 2248 619 2305 obsequium
660 2254 921 2288 moraretur.

181 2321 231 2364 19
326 2322 367 2360 Is
403 2327 499 2361 tum
537 2320 706 2362 silentio
747 2319 880 2366 facto,
911 2334 1050 2360 unum
1077 2319 1197 2360 illum
1228 2305 1497 2360 intuentibus
1529 2334 1658 2369 cet-14
1693 2326 1703 2370 ,4

243 2394 358 2442 teris,
399 2396 449 2435 Si
493 2408 584 2443 rex,
628 2392 782 2449 inquit,
823 2395 1010 2434 sermoni
1059 2403 1133 2436 tuo
1178 2391 1392 2452 qffuisset,
1444 2393 1602 2433 nullius

244 2517 262 2541 1
288 2514 642 2558 Excidit—fortasse
669 2525 742 2548 vox
762 2514 928 2549 barbari.
1129 2514 1148 2539 2
1173 2514 1269 2547 sicut
1296 2520 1595 2560 praeparaverat.

335 2570 354 2599 3
379 2569 498 2613 gratia
523 2576 663 2613 posset.
734 2569 756 2600 4
782 2568 874 2602 nec.
949 2569 969 2598 5
995 2579 1075 2603 esse
1098 2569 1345 2616 prodendum
1371 2569 1600 2614 exemplum.

338 2624 359 2649 6
384 2623 676 2661 Callisthenem,
702 2625 795 2657 item
820 2631 968 2669 postea.
