<?xml version="1.0" encoding="UTF-8"?>
<!DOCTYPE html PUBLIC "-//W3C//DTD XHTML 1.0 Transitional//EN"
    "http://www.w3.org/TR/xhtml1/DTD/xhtml1-transitional.dtd">
<html xmlns="http://www.w3.org/1999/xhtml" xml:lang="en" lang="en">
 <head>
  <title>
</title>
<meta http-equiv="Content-Type" content="text/html;charset=utf-8" />
  <meta name='ocr-system' content='tesseract 3.04.00' />
  <meta name='ocr-capabilities' content='ocr_page ocr_carea ocr_par ocr_line ocrx_word'/>
</head>
<body>
  <div class='ocr_page' id='page_1' title='image "./degestisalexandr00curtuoft_0054.png"; bbox 0 0 1703 2961; ppageno 0'>
   <div class='ocr_carea' id='block_1_1' title="bbox 240 105 1136 158">
    <p class='ocr_par' dir='ltr' id='par_1_1' title="bbox 240 105 1136 158">
     <span class='ocr_line' id='line_1_1' title="bbox 240 105 1136 158; baseline -0.003 -12"><span class='ocrx_word' id='word_1_1' title='bbox 240 105 293 148; x_wconf 83' lang='lat'><strong>16</strong></span> <span class='ocrx_word' id='word_1_2' title='bbox 684 105 737 158; x_wconf 89' lang='lat' dir='ltr'><strong>Q.</strong></span> <span class='ocrx_word' id='word_1_3' title='bbox 773 105 971 144; x_wconf 77' lang='lat' dir='ltr'>CURTH</span> <span class='ocrx_word' id='word_1_4' title='bbox 1000 106 1136 144; x_wconf 75' lang='lat' dir='ltr'>RUFI</span> 
     </span>
    </p>
   </div>
   <div class='ocr_carea' id='block_1_2' title="bbox 169 215 1645 2366">
    <p class='ocr_par' dir='ltr' id='par_1_2' title="bbox 238 215 1592 278">
     <span class='ocr_line' id='line_1_2' title="bbox 238 215 1592 278; baseline 0.002 -19"><span class='ocrx_word' id='word_1_5' title='bbox 238 219 389 260; x_wconf 91' lang='lat' dir='ltr'><strong>milem</strong></span> <span class='ocrx_word' id='word_1_6' title='bbox 441 217 626 259; x_wconf 88' lang='lat' dir='ltr'><strong>ministri</strong></span> <span class='ocrx_word' id='word_1_7' title='bbox 663 230 799 257; x_wconf 87' lang='lat' dir='ltr'><strong>manu</strong></span> <span class='ocrx_word' id='word_1_8' title='bbox 836 215 1067 271; x_wconf 83' lang='lat' dir='ltr'><strong>excipiunt,</strong></span> <span class='ocrx_word' id='word_1_9' title='bbox 1097 231 1179 257; x_wconf 90' lang='lat' dir='ltr'><strong>nec</strong></span> <span class='ocrx_word' id='word_1_10' title='bbox 1209 218 1310 258; x_wconf 85' lang='lat' dir='ltr'><strong>satis</strong></span> <span class='ocrx_word' id='word_1_11' title='bbox 1336 230 1592 278; x_wconf 78' lang='lat' dir='ltr'><strong>compotem</strong></span> 
     </span>
    </p>

    <p class='ocr_par' dir='ltr' id='par_1_3' title="bbox 237 287 1591 344">
     <span class='ocr_line' id='line_1_3' title="bbox 237 287 1591 344; baseline 0.003 -12"><span class='ocrx_word' id='word_1_12' title='bbox 237 291 399 332; x_wconf 84' lang='lat' dir='ltr'><strong>mentis</strong></span> <span class='ocrx_word' id='word_1_13' title='bbox 435 290 480 331; x_wconf 93' lang='lat' dir='ltr'><strong>in</strong></span> <span class='ocrx_word' id='word_1_14' title='bbox 516 288 850 331; x_wconf 88' lang='lat' dir='ltr'><strong>tabernaculum</strong></span> <span class='ocrx_word' id='word_1_15' title='bbox 879 287 1093 329; x_wconf 87' lang='lat' dir='ltr'><strong>deferunt.</strong></span> <span class='ocrx_word' id='word_1_16' title='bbox 1159 291 1316 344; x_wconf 76' lang='lat' dir='ltr'><strong>ingens</strong></span> <span class='ocrx_word' id='word_1_17' title='bbox 1347 293 1591 335; x_wconf 86' lang='lat' dir='ltr'><strong>sollicitudo</strong></span> 
     </span>
    </p>

    <p class='ocr_par' dir='ltr' id='par_1_4' title="bbox 238 359 1625 488">
     <span class='ocr_line' id='line_1_4' title="bbox 239 359 1625 421; baseline 0.003 -18"><span class='ocrx_word' id='word_1_18' title='bbox 239 370 284 403; x_wconf 87' lang='lat' dir='ltr'><strong>et</strong></span> <span class='ocrx_word' id='word_1_19' title='bbox 324 377 462 418; x_wconf 83' lang='lat' dir='ltr'><strong>paene</strong></span> <span class='ocrx_word' id='word_1_20' title='bbox 503 362 590 402; x_wconf 86' lang='lat' dir='ltr'><strong>iam</strong></span> <span class='ocrx_word' id='word_1_21' title='bbox 628 361 769 402; x_wconf 89' lang='lat' dir='ltr'><strong>luctus</strong></span> <span class='ocrx_word' id='word_1_22' title='bbox 808 360 853 400; x_wconf 90' lang='lat' dir='ltr'><strong>in</strong></span> <span class='ocrx_word' id='word_1_23' title='bbox 891 360 1038 402; x_wconf 85' lang='lat' dir='ltr'><strong>castris</strong></span> <span class='ocrx_word' id='word_1_24' title='bbox 1077 366 1183 400; x_wconf 88' lang='lat' dir='ltr'><strong>erat.</strong></span> <span class='ocrx_word' id='word_1_25' title='bbox 1243 359 1416 403; x_wconf 76' lang='lat' dir='ltr'><strong>Flentes</strong></span> <span class='ocrx_word' id='word_1_26' title='bbox 1444 380 1625 421; x_wconf 80' lang='lat' dir='ltr'><strong>quere—5</strong></span> 
     </span>
     <span class='ocr_line' id='line_1_5' title="bbox 238 432 1596 488; baseline 0.004 -14"><span class='ocrx_word' id='word_1_27' title='bbox 238 434 415 484; x_wconf 85' lang='lat' dir='ltr'><strong>bantur,</strong></span> <span class='ocrx_word' id='word_1_28' title='bbox 456 433 500 474; x_wconf 91' lang='lat' dir='ltr'><strong>in</strong></span> <span class='ocrx_word' id='word_1_29' title='bbox 538 440 661 473; x_wconf 86' lang='lat' dir='ltr'><strong>tanto</strong></span> <span class='ocrx_word' id='word_1_30' title='bbox 693 432 860 488; x_wconf 89' lang='lat' dir='ltr'><strong>impetu</strong></span> <span class='ocrx_word' id='word_1_31' title='bbox 880 436 1105 487; x_wconf 73' lang='lat' dir='ltr'><strong>&#39;cursuque</strong></span> <span class='ocrx_word' id='word_1_32' title='bbox 1133 446 1282 472; x_wconf 87' lang='lat' dir='ltr'><strong>rerum</strong></span> <span class='ocrx_word' id='word_1_33' title='bbox 1312 435 1455 475; x_wconf 87' lang='lat' dir='ltr'><strong>omnis</strong></span> <span class='ocrx_word' id='word_1_34' title='bbox 1482 446 1596 480; x_wconf 84' lang='lat' dir='ltr'><strong>aeta·</strong></span> 
     </span>
    </p>

    <p class='ocr_par' dir='ltr' id='par_1_5' title="bbox 236 504 1595 557">
     <span class='ocr_line' id='line_1_6' title="bbox 236 504 1595 557; baseline 0.002 -10"><span class='ocrx_word' id='word_1_35' title='bbox 236 507 292 547; x_wconf 84' lang='lat' dir='ltr'><strong>tis</strong></span> <span class='ocrx_word' id='word_1_36' title='bbox 325 521 374 548; x_wconf 88' lang='lat' dir='ltr'><strong>ac</strong></span> <span class='ocrx_word' id='word_1_37' title='bbox 411 504 654 547; x_wconf 84' lang='lat' dir='ltr'>memoriae</span> <span class='ocrx_word' id='word_1_38' title='bbox 695 504 981 546; x_wconf 86' lang='lat' dir='ltr'><strong>clarissimum</strong></span> <span class='ocrx_word' id='word_1_39' title='bbox 1016 506 1163 557; x_wconf 87' lang='lat' dir='ltr'><strong>regem&#39;</strong></span> <span class='ocrx_word' id='word_1_40' title='bbox 1203 517 1295 544; x_wconf 87' lang='lat' dir='ltr'><strong>non</strong></span> <span class='ocrx_word' id='word_1_41' title='bbox 1326 504 1370 546; x_wconf 93' lang='lat' dir='ltr'><strong>in</strong></span> <span class='ocrx_word' id='word_1_42' title='bbox 1398 507 1488 549; x_wconf 79' lang='lat' dir='ltr'><strong>aoie</strong></span> <span class='ocrx_word' id='word_1_43' title='bbox 1518 509 1595 550; x_wconf 87' lang='lat' dir='ltr'><strong>sal-</strong></span> 
     </span>
    </p>

    <p class='ocr_par' dir='ltr' id='par_1_6' title="bbox 236 573 1595 636">
     <span class='ocr_line' id='line_1_7' title="bbox 236 573 1595 636; baseline -0.002 -17"><span class='ocrx_word' id='word_1_44' title='bbox 236 585 341 628; x_wconf 81' lang='lat' dir='ltr'><strong>tem,</strong></span> <span class='ocrx_word' id='word_1_45' title='bbox 371 593 462 618; x_wconf 91' lang='lat' dir='ltr'><strong>non</strong></span> <span class='ocrx_word' id='word_1_46' title='bbox 491 577 545 618; x_wconf 89' lang='lat' dir='ltr'><strong>ab</strong></span> <span class='ocrx_word' id='word_1_47' title='bbox 570 575 696 618; x_wconf 84' lang='lat' dir='ltr'><strong>hoste</strong></span> <span class='ocrx_word' id='word_1_48' title='bbox 724 575 955 624; x_wconf 88' lang='lat' dir='ltr'><strong>deiectum,</strong></span> <span class='ocrx_word' id='word_1_49' title='bbox 985 573 1059 616; x_wconf 85' lang='lat' dir='ltr'><strong>sed</strong></span> <span class='ocrx_word' id='word_1_50' title='bbox 1082 573 1333 617; x_wconf 81' lang='lat' dir='ltr'><strong>abluentem</strong></span> <span class='ocrx_word' id='word_1_51' title='bbox 1361 593 1472 636; x_wconf 81' lang='lat' dir='ltr'><strong>aqua</strong></span> <span class='ocrx_word' id='word_1_52' title='bbox 1500 595 1595 621; x_wconf 63' lang='lat' dir='ltr'><strong>cor-</strong></span> 
     </span>
    </p>

    <p class='ocr_par' dir='ltr' id='par_1_7' title="bbox 233 647 1626 777">
     <span class='ocr_line' id='line_1_8' title="bbox 233 647 1626 707; baseline 0 -16"><span class='ocrx_word' id='word_1_53' title='bbox 233 665 316 707; x_wconf 88' lang='lat' dir='ltr'><strong>pus</strong></span> <span class='ocrx_word' id='word_1_54' title='bbox 344 657 545 706; x_wconf 86' lang='lat' dir='ltr'><strong>ereptum</strong></span> <span class='ocrx_word' id='word_1_55' title='bbox 583 663 673 689; x_wconf 87' lang='lat' dir='ltr'><strong>esse</strong></span> <span class='ocrx_word' id='word_1_56' title='bbox 713 654 756 688; x_wconf 90' lang='lat' dir='ltr'><strong>et</strong></span> <span class='ocrx_word' id='word_1_57' title='bbox 785 649 1037 689; x_wconf 83' lang='lat' dir='ltr'><strong>extinctum.</strong></span> <span class='ocrx_word' id='word_1_58' title='bbox 1094 647 1263 688; x_wconf 84' lang='lat' dir='ltr'>Instare</span> <span class='ocrx_word' id='word_1_59' title='bbox 1301 648 1511 699; x_wconf 80' lang='lat' dir='ltr'><strong>Dareum,</strong></span> <span class='ocrx_word' id='word_1_60' title='bbox 1535 652 1626 695; x_wconf 68' lang='lat' dir='ltr'><strong>vi-&lt;5</strong></span> 
     </span>
     <span class='ocr_line' id='line_1_9' title="bbox 233 719 1591 777; baseline 0.001 -14"><span class='ocrx_word' id='word_1_61' title='bbox 233 729 404 763; x_wconf 88' lang='lat' dir='ltr'><strong>ctorem</strong></span> <span class='ocrx_word' id='word_1_62' title='bbox 441 728 677 777; x_wconf 84' lang='lat' dir='ltr'><strong>antequam</strong></span> <span class='ocrx_word' id='word_1_63' title='bbox 711 719 882 761; x_wconf 84' lang='lat' dir='ltr'><strong>vidisset</strong></span> <span class='ocrx_word' id='word_1_64' title='bbox 915 719 1100 760; x_wconf 79' lang='lat' dir='ltr'><strong>hostem.</strong></span> <span class='ocrx_word' id='word_1_65' title='bbox 1174 719 1278 761; x_wconf 77' lang='lat' dir='ltr'><strong>Sibil</strong></span> <span class='ocrx_word' id='word_1_66' title='bbox 1305 721 1480 763; x_wconf 84' lang='lat' dir='ltr'><strong>easdem</strong></span> <span class='ocrx_word' id='word_1_67' title='bbox 1507 730 1591 764; x_wconf 71' lang='lat' dir='ltr'><strong>ter-</strong></span> 
     </span>
    </p>

    <p class='ocr_par' dir='ltr' id='par_1_8' title="bbox 232 792 1587 850">
     <span class='ocr_line' id='line_1_10' title="bbox 232 792 1587 850; baseline 0.001 -16"><span class='ocrx_word' id='word_1_68' title='bbox 232 808 314 843; x_wconf 87' lang='lat' dir='ltr'><strong>ras,</strong></span> <span class='ocrx_word' id='word_1_69' title='bbox 354 808 460 850; x_wconf 86' lang='lat' dir='ltr'><strong>quas</strong></span> <span class='ocrx_word' id='word_1_70' title='bbox 496 792 679 834; x_wconf 77' lang='lat' dir='ltr'><strong>victoria</strong></span> <span class='ocrx_word' id='word_1_71' title='bbox 709 796 722 817; x_wconf 87' lang='lat'>¹</span> <span class='ocrx_word' id='word_1_72' title='bbox 766 798 1077 847; x_wconf 72' lang='lat' dir='ltr'><strong>peragrassent,</strong></span> <span class='ocrx_word' id='word_1_73' title='bbox 1116 793 1395 847; x_wconf 82' lang='lat' dir='ltr'><strong>repetendas:</strong></span> <span class='ocrx_word' id='word_1_74' title='bbox 1437 795 1587 836; x_wconf 82' lang='lat' dir='ltr'><strong>omnia</strong></span> 
     </span>
    </p>

    <p class='ocr_par' dir='ltr' id='par_1_9' title="bbox 227 862 1590 922">
     <span class='ocr_line' id='line_1_11' title="bbox 227 862 1590 922; baseline 0 -16"><span class='ocrx_word' id='word_1_75' title='bbox 227 873 308 906; x_wconf 80' lang='lat' dir='ltr'><strong>aut</strong></span> <span class='ocrx_word' id='word_1_76' title='bbox 336 865 464 922; x_wconf 86' lang='lat' dir='ltr'><strong>ipsos,</strong></span> <span class='ocrx_word' id='word_1_77' title='bbox 491 871 565 904; x_wconf 88' lang='lat' dir='ltr'><strong>aut</strong></span> <span class='ocrx_word' id='word_1_78' title='bbox 594 862 740 903; x_wconf 86' lang='lat' dir='ltr'><strong>hostes</strong></span> <span class='ocrx_word' id='word_1_79' title='bbox 765 862 1016 918; x_wconf 85' lang='lat' dir='ltr'><strong>populatos:</strong></span> <span class='ocrx_word' id='word_1_80' title='bbox 1046 877 1124 918; x_wconf 90' lang='lat' dir='ltr'><strong>per</strong></span> <span class='ocrx_word' id='word_1_81' title='bbox 1149 871 1288 905; x_wconf 86' lang='lat' dir='ltr'><strong>vastas</strong></span> <span class='ocrx_word' id='word_1_82' title='bbox 1317 865 1590 916; x_wconf 65' lang='lat' dir='ltr'><strong>solitudines,</strong></span> 
     </span>
    </p>

    <p class='ocr_par' dir='ltr' id='par_1_10' title="bbox 230 933 1587 994">
     <span class='ocr_line' id='line_1_12' title="bbox 230 933 1587 994; baseline 0 -16"><span class='ocrx_word' id='word_1_83' title='bbox 230 938 400 978; x_wconf 87' lang='lat' dir='ltr'><strong>etiamsi</strong></span> <span class='ocrx_word' id='word_1_84' title='bbox 431 951 563 978; x_wconf 89' lang='lat' dir='ltr'><strong>nemo</strong></span> <span class='ocrx_word' id='word_1_85' title='bbox 596 934 762 991; x_wconf 84' lang='lat' dir='ltr'><strong>insequi</strong></span> <span class='ocrx_word' id='word_1_86' title='bbox 790 933 903 982; x_wconf 85' lang='lat' dir='ltr'><strong>velit,</strong></span> <span class='ocrx_word' id='word_1_87' title='bbox 937 941 1099 984; x_wconf 86' lang='lat' dir='ltr'><strong>euntes,</strong></span> <span class='ocrx_word' id='word_1_88' title='bbox 1129 934 1248 977; x_wconf 85' lang='lat' dir='ltr'><strong>fame</strong></span> <span class='ocrx_word' id='word_1_89' title='bbox 1277 943 1407 994; x_wconf 85' lang='lat' dir='ltr'><strong>atque</strong></span> <span class='ocrx_word' id='word_1_90' title='bbox 1438 936 1587 993; x_wconf 86' lang='lat' dir='ltr'><strong>inopia</strong></span> 
     </span>
    </p>

    <p class='ocr_par' dir='ltr' id='par_1_11' title="bbox 230 1005 1618 1137">
     <span class='ocr_line' id='line_1_13' title="bbox 231 1005 1618 1065; baseline 0 -15"><span class='ocrx_word' id='word_1_91' title='bbox 231 1009 435 1050; x_wconf 87' lang='lat' dir='ltr'><strong>debellari</strong></span> <span class='ocrx_word' id='word_1_92' title='bbox 474 1023 614 1065; x_wconf 84' lang='lat' dir='ltr'><strong>posse.</strong></span> <span class='ocrx_word' id='word_1_93' title='bbox 682 1008 829 1061; x_wconf 78' lang='lat' dir='ltr'><strong>Quem</strong></span> <span class='ocrx_word' id='word_1_94' title='bbox 860 1005 1028 1062; x_wconf 88' lang='lat' dir='ltr'><strong>signum</strong></span> <span class='ocrx_word' id='word_1_95' title='bbox 1062 1006 1266 1048; x_wconf 85' lang='lat' dir='ltr'><strong>daturum</strong></span> <span class='ocrx_word' id='word_1_96' title='bbox 1294 1007 1618 1064; x_wconf 80' lang='lat' dir='ltr'><strong>fugientibus?7</strong></span> 
     </span>
     <span class='ocr_line' id='line_1_14' title="bbox 230 1077 1587 1137; baseline -0.001 -15"><span class='ocrx_word' id='word_1_97' title='bbox 230 1097 364 1137; x_wconf 87' lang='lat' dir='ltr'><strong>quem</strong></span> <span class='ocrx_word' id='word_1_98' title='bbox 396 1095 603 1121; x_wconf 89' lang='lat' dir='ltr'><strong>ausurum</strong></span> <span class='ocrx_word' id='word_1_99' title='bbox 631 1077 879 1120; x_wconf 76' lang='lat' dir='ltr'><strong>Alexandro</strong></span> <span class='ocrx_word' id='word_1_100' title='bbox 911 1079 1170 1119; x_wconf 77' lang='lat' dir='ltr'><strong>succedere?</strong></span> <span class='ocrx_word' id='word_1_101' title='bbox 1219 1081 1310 1120; x_wconf 85' lang='lat' dir='ltr'><strong>Iam</strong></span> <span class='ocrx_word' id='word_1_102' title='bbox 1342 1088 1390 1120; x_wconf 92' lang='lat' dir='ltr'><strong>ut</strong></span> <span class='ocrx_word' id='word_1_103' title='bbox 1419 1080 1472 1121; x_wconf 85' lang='lat' dir='ltr'><strong>ad</strong></span> <span class='ocrx_word' id='word_1_104' title='bbox 1491 1080 1587 1121; x_wconf 86' lang='lat' dir='ltr'><strong>Hel-</strong></span> 
     </span>
    </p>

    <p class='ocr_par' dir='ltr' id='par_1_12' title="bbox 229 1149 1583 1209">
     <span class='ocr_line' id='line_1_15' title="bbox 229 1149 1583 1209; baseline -0.001 -15"><span class='ocrx_word' id='word_1_105' title='bbox 229 1154 479 1209; x_wconf 82' lang='lat' dir='ltr'><strong>lespontum</strong></span> <span class='ocrx_word' id='word_1_106' title='bbox 517 1151 618 1209; x_wconf 84' lang='lat' dir='ltr'><strong>fuga</strong></span> <span class='ocrx_word' id='word_1_107' title='bbox 648 1155 943 1208; x_wconf 80' lang='lat' dir='ltr'><strong>penetrarent,</strong></span> <span class='ocrx_word' id='word_1_108' title='bbox 972 1149 1173 1199; x_wconf 81' lang='lat' dir='ltr'><strong>classem,</strong></span> <span class='ocrx_word' id='word_1_109' title='bbox 1217 1167 1302 1207; x_wconf 88' lang='lat' dir='ltr'><strong>qua</strong></span> <span class='ocrx_word' id='word_1_110' title='bbox 1349 1158 1583 1202; x_wconf 84' lang='lat' dir='ltr'><strong>transeant,</strong></span> 
     </span>
    </p>

    <p class='ocr_par' dir='ltr' id='par_1_13' title="bbox 226 1221 1618 1343">
     <span class='ocr_line' id='line_1_16' title="bbox 226 1221 1618 1282; baseline 0 -17"><span class='ocrx_word' id='word_1_111' title='bbox 226 1241 360 1282; x_wconf 87' lang='lat' dir='ltr'><strong>quem</strong></span> <span class='ocrx_word' id='word_1_112' title='bbox 394 1223 781 1280; x_wconf 79' lang='lat' dir='ltr'><strong>praeparaturum?</strong></span> <span class='ocrx_word' id='word_1_113' title='bbox 846 1223 1013 1262; x_wconf 86' lang='lat' dir='ltr'><strong>Rursus</strong></span> <span class='ocrx_word' id='word_1_114' title='bbox 1040 1221 1083 1262; x_wconf 85' lang='lat' dir='ltr'><strong>in</strong></span> <span class='ocrx_word' id='word_1_115' title='bbox 1111 1221 1253 1277; x_wconf 82' lang='lat' dir='ltr'><strong>ipsum</strong></span> <span class='ocrx_word' id='word_1_116' title='bbox 1284 1228 1430 1280; x_wconf 84' lang='lat' dir='ltr'><strong>regem</strong></span> <span class='ocrx_word' id='word_1_117' title='bbox 1459 1223 1618 1265; x_wconf 46' lang='lat' dir='ltr'><strong>mise&amp;</strong></span> 
     </span>
     <span class='ocr_line' id='line_1_17' title="bbox 226 1293 1587 1343; baseline -0.001 -6"><span class='ocrx_word' id='word_1_118' title='bbox 226 1297 417 1339; x_wconf 87' lang='lat' dir='ltr'><strong>ricordia</strong></span> <span class='ocrx_word' id='word_1_119' title='bbox 457 1309 592 1343; x_wconf 86' lang='lat' dir='ltr'><strong>versa,</strong></span> <span class='ocrx_word' id='word_1_120' title='bbox 629 1293 749 1334; x_wconf 91' lang='lat' dir='ltr'><strong>illum</strong></span> <span class='ocrx_word' id='word_1_121' title='bbox 783 1293 940 1334; x_wconf 83' lang='lat' dir='ltr'><strong>florem</strong></span> <span class='ocrx_word' id='word_1_122' title='bbox 985 1294 1198 1342; x_wconf 88' lang='lat' dir='ltr'><strong>iuventae,</strong></span> <span class='ocrx_word' id='word_1_123' title='bbox 1231 1295 1349 1335; x_wconf 90' lang='lat' dir='ltr'><strong>illam</strong></span> <span class='ocrx_word' id='word_1_124' title='bbox 1380 1295 1475 1336; x_wconf 72' lang='lat' dir='ltr'><strong>vim&#39;</strong></span> <span class='ocrx_word' id='word_1_125' title='bbox 1500 1296 1587 1336; x_wconf 84' lang='lat' dir='ltr'><strong>ani-</strong></span> 
     </span>
    </p>

    <p class='ocr_par' dir='ltr' id='par_1_14' title="bbox 226 1365 1587 1422">
     <span class='ocr_line' id='line_1_18' title="bbox 226 1365 1587 1422; baseline -0.002 -12"><span class='ocrx_word' id='word_1_126' title='bbox 226 1369 300 1418; x_wconf 89' lang='lat' dir='ltr'><strong>mi,</strong></span> <span class='ocrx_word' id='word_1_127' title='bbox 331 1367 522 1410; x_wconf 89' lang='lat' dir='ltr'><strong>eundem</strong></span> <span class='ocrx_word' id='word_1_128' title='bbox 564 1381 711 1422; x_wconf 88' lang='lat' dir='ltr'><strong>regem</strong></span> <span class='ocrx_word' id='word_1_129' title='bbox 752 1373 795 1407; x_wconf 88' lang='lat' dir='ltr'><strong>et</strong></span> <span class='ocrx_word' id='word_1_130' title='bbox 830 1366 1192 1413; x_wconf 84' lang='lat' dir='ltr'><strong>commilitonem,</strong></span> <span class='ocrx_word' id='word_1_131' title='bbox 1230 1365 1369 1407; x_wconf 84' lang='lat' dir='ltr'><strong>divelli</strong></span> <span class='ocrx_word' id='word_1_132' title='bbox 1398 1381 1421 1407; x_wconf 95' lang='lat' dir='ltr'><strong>a</strong></span> <span class='ocrx_word' id='word_1_133' title='bbox 1461 1381 1504 1408; x_wconf 90' lang='lat' dir='ltr'><strong>se</strong></span> <span class='ocrx_word' id='word_1_134' title='bbox 1542 1374 1587 1407; x_wconf 84' lang='lat' dir='ltr'><strong>et</strong></span> 
     </span>
    </p>

    <p class='ocr_par' dir='ltr' id='par_1_15' title="bbox 227 1438 1217 1495">
     <span class='ocr_line' id='line_1_19' title="bbox 227 1438 1217 1495; baseline -0.005 -13"><span class='ocrx_word' id='word_1_135' title='bbox 227 1440 431 1495; x_wconf 84' lang='lat' dir='ltr'><strong>abrumpi</strong></span> <span class='ocrx_word' id='word_1_136' title='bbox 452 1442 473 1464; x_wconf 86' lang='lat'>²</span> <span class='ocrx_word' id='word_1_137' title='bbox 505 1439 789 1480; x_wconf 85' lang='lat' dir='ltr'><strong>immemores</strong></span> <span class='ocrx_word' id='word_1_138' title='bbox 813 1438 877 1479; x_wconf 89' lang='lat' dir='ltr'><strong>sui</strong></span> <span class='ocrx_word' id='word_1_139' title='bbox 909 1438 1217 1494; x_wconf 83' lang='lat' dir='ltr'><strong>querebantur.</strong></span> 
     </span>
    </p>

    <p class='ocr_par' dir='ltr' id='par_1_16' title="bbox 169 1509 1645 2366">
     <span class='ocr_line' id='line_1_20' title="bbox 169 1509 1617 1566; baseline 0 -12"><span class='ocrx_word' id='word_1_140' title='bbox 169 1519 219 1560; x_wconf 75' lang='lat'><strong>13</strong></span> <span class='ocrx_word' id='word_1_141' title='bbox 309 1514 430 1554; x_wconf 85' lang='lat' dir='ltr'><strong>Inter</strong></span> <span class='ocrx_word' id='word_1_142' title='bbox 455 1511 566 1553; x_wconf 86' lang='lat' dir='ltr'><strong>haec</strong></span> <span class='ocrx_word' id='word_1_143' title='bbox 605 1509 780 1551; x_wconf 91' lang='lat' dir='ltr'><strong>liberius</strong></span> <span class='ocrx_word' id='word_1_144' title='bbox 808 1523 957 1550; x_wconf 88' lang='lat' dir='ltr'><strong>meare</strong></span> <span class='ocrx_word' id='word_1_145' title='bbox 982 1509 1154 1564; x_wconf 88' lang='lat' dir='ltr'><strong>spiritus</strong></span> <span class='ocrx_word' id='word_1_146' title='bbox 1184 1517 1402 1566; x_wconf 83' lang='lat' dir='ltr'><strong>coeperat,</strong></span> <span class='ocrx_word' id='word_1_147' title='bbox 1433 1509 1617 1554; x_wconf 88' lang='lat' dir='ltr'><strong>alleva-9</strong></span> 
     </span>
     <span class='ocr_line' id='line_1_21' title="bbox 224 1579 1583 1642; baseline -0.004 -15"><span class='ocrx_word' id='word_1_148' title='bbox 224 1586 388 1642; x_wconf 87' lang='lat' dir='ltr'><strong>batque</strong></span> <span class='ocrx_word' id='word_1_149' title='bbox 424 1598 499 1625; x_wconf 90' lang='lat' dir='ltr'><strong>rex</strong></span> <span class='ocrx_word' id='word_1_150' title='bbox 538 1582 701 1630; x_wconf 89' lang='lat' dir='ltr'><strong>oculos,</strong></span> <span class='ocrx_word' id='word_1_151' title='bbox 740 1588 784 1621; x_wconf 84' lang='lat' dir='ltr'><strong>et</strong></span> <span class='ocrx_word' id='word_1_152' title='bbox 831 1579 1041 1636; x_wconf 81' lang='lat' dir='ltr'><strong>paulatim</strong></span> <span class='ocrx_word' id='word_1_153' title='bbox 1077 1581 1287 1621; x_wconf 85' lang='lat' dir='ltr'><strong>redeunte</strong></span> <span class='ocrx_word' id='word_1_154' title='bbox 1327 1581 1474 1622; x_wconf 88' lang='lat' dir='ltr'><strong>animo</strong></span> <span class='ocrx_word' id='word_1_155' title='bbox 1505 1581 1583 1623; x_wconf 94' lang='lat' dir='ltr'><strong>cir-</strong></span> 
     </span>
     <span class='ocr_line' id='line_1_22' title="bbox 226 1646 1580 1709; baseline -0.004 -10"><span class='ocrx_word' id='word_1_156' title='bbox 226 1663 493 1700; x_wconf 87' lang='lat' dir='ltr'><strong>cumstantes</strong></span> <span class='ocrx_word' id='word_1_157' title='bbox 523 1655 690 1696; x_wconf 86' lang='lat' dir='ltr'><strong>amicos</strong></span> <span class='ocrx_word' id='word_1_158' title='bbox 721 1659 968 1709; x_wconf 77' lang='lat' dir='ltr'><strong>agnoverat,</strong></span> <span class='ocrx_word' id='word_1_159' title='bbox 1003 1646 1226 1708; x_wconf 88' lang='lat' dir='ltr'><strong>laxataque</strong></span> <span class='ocrx_word' id='word_1_160' title='bbox 1257 1652 1319 1693; x_wconf 79' lang='lat' dir='ltr'><strong>vis</strong></span> <span class='ocrx_word' id='word_1_161' title='bbox 1344 1649 1488 1694; x_wconf 89' lang='lat' dir='ltr'><strong>morbi</strong></span> <span class='ocrx_word' id='word_1_162' title='bbox 1523 1653 1580 1693; x_wconf 88' lang='lat' dir='ltr'><strong>ob</strong></span> 
     </span>
     <span class='ocr_line' id='line_1_23' title="bbox 222 1721 1583 1781; baseline -0.004 -10"><span class='ocrx_word' id='word_1_163' title='bbox 222 1729 312 1772; x_wconf 81' lang='lat' dir='ltr'><strong>hoc</strong></span> <span class='ocrx_word' id='word_1_164' title='bbox 339 1729 481 1771; x_wconf 89' lang='lat' dir='ltr'><strong>solum</strong></span> <span class='ocrx_word' id='word_1_165' title='bbox 521 1725 761 1775; x_wconf 84' lang='lat' dir='ltr'><strong>videbatur,</strong></span> <span class='ocrx_word' id='word_1_166' title='bbox 794 1723 894 1781; x_wconf 87' lang='lat' dir='ltr'><strong>quia</strong></span> <span class='ocrx_word' id='word_1_167' title='bbox 924 1722 1270 1779; x_wconf 73' lang='lat' dir='ltr'><strong>magnitudinem</strong></span> <span class='ocrx_word' id='word_1_168' title='bbox 1296 1721 1395 1765; x_wconf 85' lang='lat' dir='ltr'><strong>mali</strong></span> <span class='ocrx_word' id='word_1_169' title='bbox 1429 1724 1583 1765; x_wconf 87' lang='lat' dir='ltr'><strong>sentie-</strong></span> 
     </span>
     <span class='ocr_line' id='line_1_24' title="bbox 222 1792 1645 1853; baseline -0.004 -10"><span class='ocrx_word' id='word_1_170' title='bbox 222 1803 313 1845; x_wconf 89' lang='lat' dir='ltr'><strong>bat.</strong></span> <span class='ocrx_word' id='word_1_171' title='bbox 387 1799 536 1842; x_wconf 90' lang='lat' dir='ltr'><strong>Animi</strong></span> <span class='ocrx_word' id='word_1_172' title='bbox 559 1799 576 1828; x_wconf 82' lang='lat'>3</span> <span class='ocrx_word' id='word_1_173' title='bbox 637 1805 784 1840; x_wconf 88' lang='lat' dir='ltr'><strong>autem</strong></span> <span class='ocrx_word' id='word_1_174' title='bbox 843 1792 1069 1852; x_wconf 72' lang='lat' dir='ltr'><strong>aegritudo</strong></span> <span class='ocrx_word' id='word_1_175' title='bbox 1129 1809 1286 1852; x_wconf 89' lang='lat' dir='ltr'><strong>corpus</strong></span> <span class='ocrx_word' id='word_1_176' title='bbox 1317 1799 1340 1824; x_wconf 82' lang='lat'>4</span> <span class='ocrx_word' id='word_1_177' title='bbox 1385 1795 1645 1853; x_wconf 88' lang='lat' dir='ltr'><strong>urgebat,10</strong></span> 
     </span>
     <span class='ocr_line' id='line_1_25' title="bbox 223 1864 1579 1934; baseline -0.007 -17"><span class='ocrx_word' id='word_1_178' title='bbox 223 1878 385 1934; x_wconf 89' lang='lat' dir='ltr'><strong>quippe</strong></span> <span class='ocrx_word' id='word_1_179' title='bbox 414 1875 612 1915; x_wconf 88' lang='lat' dir='ltr'><strong>Dareum</strong></span> <span class='ocrx_word' id='word_1_180' title='bbox 645 1869 799 1928; x_wconf 87' lang='lat' dir='ltr'><strong>quinto</strong></span> <span class='ocrx_word' id='word_1_181' title='bbox 827 1865 894 1909; x_wconf 90' lang='lat' dir='ltr'><strong>die</strong></span> <span class='ocrx_word' id='word_1_182' title='bbox 925 1864 970 1908; x_wconf 91' lang='lat' dir='ltr'><strong>in</strong></span> <span class='ocrx_word' id='word_1_183' title='bbox 1000 1865 1153 1909; x_wconf 85' lang='lat' dir='ltr'><strong>Cilicia</strong></span> <span class='ocrx_word' id='word_1_184' title='bbox 1179 1867 1194 1894; x_wconf 80' lang='lat'><em>⁵</em></span> <span class='ocrx_word' id='word_1_185' title='bbox 1227 1867 1321 1908; x_wconf 83' lang='lat' dir='ltr'><strong>sore</strong></span> <span class='ocrx_word' id='word_1_186' title='bbox 1350 1866 1579 1909; x_wconf 90' lang='lat' dir='ltr'><strong>nuntiaba-</strong></span> 
     </span>
     <span class='ocr_line' id='line_1_26' title="bbox 219 1936 1578 1999; baseline -0.007 -9"><span class='ocrx_word' id='word_1_187' title='bbox 219 1956 306 1990; x_wconf 78' lang='lat' dir='ltr'><strong>tur.</strong></span> <span class='ocrx_word' id='word_1_188' title='bbox 366 1947 578 1989; x_wconf 86' lang='lat' dir='ltr'><strong>Vinctum</strong></span> <span class='ocrx_word' id='word_1_189' title='bbox 610 1959 711 1999; x_wconf 87' lang='lat' dir='ltr'><strong>ergo</strong></span> <span class='ocrx_word' id='word_1_190' title='bbox 744 1957 788 1983; x_wconf 88' lang='lat' dir='ltr'><strong>se</strong></span> <span class='ocrx_word' id='word_1_191' title='bbox 817 1938 944 1989; x_wconf 85' lang='lat' dir='ltr'><strong>tradi,</strong></span> <span class='ocrx_word' id='word_1_192' title='bbox 974 1945 1017 1980; x_wconf 83' lang='lat' dir='ltr'><strong>et</strong></span> <span class='ocrx_word' id='word_1_193' title='bbox 1045 1947 1210 1980; x_wconf 85' lang='lat' dir='ltr'><strong>tantam</strong></span> <span class='ocrx_word' id='word_1_194' title='bbox 1238 1936 1466 1981; x_wconf 67' lang='lat' dir='ltr'><strong>victoriam</strong></span> <span class='ocrx_word' id='word_1_195' title='bbox 1499 1937 1578 1981; x_wconf 91' lang='lat' dir='ltr'><strong>eri-</strong></span> 
     </span>
     <span class='ocr_line' id='line_1_27' title="bbox 219 2008 1576 2077; baseline -0.008 -14"><span class='ocrx_word' id='word_1_196' title='bbox 219 2021 264 2077; x_wconf 85' lang='lat' dir='ltr'><strong>pi</strong></span> <span class='ocrx_word' id='word_1_197' title='bbox 295 2020 375 2062; x_wconf 89' lang='lat' dir='ltr'><strong>sibi</strong></span> <span class='ocrx_word' id='word_1_198' title='bbox 416 2036 467 2061; x_wconf 83' lang='lat' dir='ltr'><strong>ex</strong></span> <span class='ocrx_word' id='word_1_199' title='bbox 505 2013 719 2063; x_wconf 82' lang='lat' dir='ltr'><strong>manibus,</strong></span> <span class='ocrx_word' id='word_1_200' title='bbox 762 2013 1034 2067; x_wconf 86' lang='lat' dir='ltr'><strong>obscuraque</strong></span> <span class='ocrx_word' id='word_1_201' title='bbox 1073 2017 1118 2052; x_wconf 86' lang='lat' dir='ltr'><strong>et</strong></span> <span class='ocrx_word' id='word_1_202' title='bbox 1154 2008 1330 2068; x_wconf 88' lang='lat' dir='ltr'><strong>ignobili</strong></span> <span class='ocrx_word' id='word_1_203' title='bbox 1360 2018 1504 2053; x_wconf 91' lang='lat' dir='ltr'><strong>morte</strong></span> <span class='ocrx_word' id='word_1_204' title='bbox 1531 2010 1576 2052; x_wconf 90' lang='lat' dir='ltr'><strong>in</strong></span> 
     </span>
     <span class='ocr_line' id='line_1_28' title="bbox 219 2080 1637 2143; baseline -0.008 -8"><span class='ocrx_word' id='word_1_205' title='bbox 219 2091 505 2135; x_wconf 83' lang='lat' dir='ltr'><strong>tabernaculo</strong></span> <span class='ocrx_word' id='word_1_206' title='bbox 532 2081 562 2113; x_wconf 33' lang='lat'><strong>⁶⁴</strong></span> <span class='ocrx_word' id='word_1_207' title='bbox 600 2085 786 2143; x_wconf 85' lang='lat' dir='ltr'><strong>extingui</strong></span> <span class='ocrx_word' id='word_1_208' title='bbox 823 2101 890 2134; x_wconf 86' lang='lat' dir='ltr'><strong>se,</strong></span> <span class='ocrx_word' id='word_1_209' title='bbox 941 2084 1217 2141; x_wconf 81' lang='lat' dir='ltr'><strong>querebatur.</strong></span> <span class='ocrx_word' id='word_1_210' title='bbox 1283 2080 1576 2140; x_wconf 87' lang='lat' dir='ltr'><strong>Admissisque</strong></span> <span class='ocrx_word' id='word_1_211' title='bbox 1595 2105 1637 2129; x_wconf 83' lang='lat'><strong>11</strong></span> 
     </span>
     <span class='ocr_line' id='line_1_29' title="bbox 221 2154 1590 2220; baseline -0.009 -13"><span class='ocrx_word' id='word_1_212' title='bbox 221 2165 374 2207; x_wconf 85' lang='lat' dir='ltr'><strong>amicis</strong></span> <span class='ocrx_word' id='word_1_213' title='bbox 401 2163 563 2220; x_wconf 86' lang='lat' dir='ltr'><strong>pariter</strong></span> <span class='ocrx_word' id='word_1_214' title='bbox 601 2175 652 2202; x_wconf 84' lang='lat' dir='ltr'><strong>ae</strong></span> <span class='ocrx_word' id='word_1_215' title='bbox 677 2162 695 2185; x_wconf 87' lang='lat'><em>⁷</em></span> <span class='ocrx_word' id='word_1_216' title='bbox 741 2154 939 2207; x_wconf 83' lang='lat' dir='ltr'><strong>medicis,</strong></span> <span class='ocrx_word' id='word_1_217' title='bbox 970 2158 1016 2198; x_wconf 81' lang='lat' dir='ltr'><strong>in</strong></span> <span class='ocrx_word' id='word_1_218' title='bbox 1047 2173 1130 2213; x_wconf 82' lang='lat' dir='ltr'><strong>quo</strong></span> <span class='ocrx_word' id='word_1_219' title='bbox 1168 2174 1245 2205; x_wconf 86' lang='lat' dir='ltr'><strong>me,</strong></span> <span class='ocrx_word' id='word_1_220' title='bbox 1285 2154 1435 2212; x_wconf 80' lang='lat' dir='ltr'><strong>inquit,</strong></span> <span class='ocrx_word' id='word_1_221' title='bbox 1469 2158 1590 2196; x_wconf 79' lang='lat' dir='ltr'><strong>arci-.</strong></span> 
     </span>
     <span class='ocr_line' id='line_1_30' title="bbox 221 2229 1571 2289; baseline -0.007 -10"><span class='ocrx_word' id='word_1_222' title='bbox 221 2241 316 2281; x_wconf 84' lang='lat' dir='ltr'><strong>culo</strong></span> <span class='ocrx_word' id='word_1_223' title='bbox 360 2252 497 2278; x_wconf 84' lang='lat' dir='ltr'><strong>rerum</strong></span> <span class='ocrx_word' id='word_1_224' title='bbox 544 2249 728 2275; x_wconf 81' lang='lat' dir='ltr'><strong>mearum</strong></span> <span class='ocrx_word' id='word_1_225' title='bbox 757 2229 948 2289; x_wconf 71' lang='lat' dir='ltr'><strong>fortuna</strong></span> <span class='ocrx_word' id='word_1_226' title='bbox 993 2231 1334 2285; x_wconf 68' lang='lat' dir='ltr'><strong>deprehenderit,</strong></span> <span class='ocrx_word' id='word_1_227' title='bbox 1380 2230 1571 2270; x_wconf 68' lang='lat' dir='ltr'><strong>cernitis.</strong></span> 
     </span>
     <span class='ocr_line' id='line_1_31' title="bbox 224 2304 1572 2366; baseline -0.009 -12"><span class='ocrx_word' id='word_1_228' title='bbox 224 2315 466 2366; x_wconf 75' lang='lat' dir='ltr'><strong>Strepitum</strong></span> <span class='ocrx_word' id='word_1_229' title='bbox 496 2308 720 2350; x_wconf 72' lang='lat' dir='ltr'><strong>hostilium</strong></span> <span class='ocrx_word' id='word_1_230' title='bbox 763 2320 974 2346; x_wconf 83' lang='lat' dir='ltr'><strong>armorum</strong></span> <span class='ocrx_word' id='word_1_231' title='bbox 1013 2305 1218 2344; x_wconf 74' lang='lat' dir='ltr'><strong>exaudire</strong></span> <span class='ocrx_word' id='word_1_232' title='bbox 1268 2306 1375 2344; x_wconf 63' lang='lat' dir='ltr'><strong>milii</strong></span> <span class='ocrx_word' id='word_1_233' title='bbox 1406 2304 1572 2351; x_wconf 78' lang='lat' dir='ltr'><strong>videor,</strong></span> 
     </span>
    </p>
   </div>
   <div class='ocr_carea' id='block_1_3' title="bbox 222 2378 1635 2489">
    <p class='ocr_par' dir='ltr' id='par_1_17' title="bbox 222 2378 1635 2489">
     <span class='ocr_line' id='line_1_32' title="bbox 222 2378 1635 2441; baseline -0.011 -13"><span class='ocrx_word' id='word_1_234' title='bbox 222 2397 266 2427; x_wconf 74' lang='lat' dir='ltr'><strong>et</strong></span> <span class='ocrx_word' id='word_1_235' title='bbox 293 2388 368 2441; x_wconf 77' lang='lat' dir='ltr'><strong>qui</strong></span> <span class='ocrx_word' id='word_1_236' title='bbox 396 2385 509 2425; x_wconf 74' lang='lat' dir='ltr'><strong>ultro</strong></span> <span class='ocrx_word' id='word_1_237' title='bbox 540 2382 670 2422; x_wconf 77' lang='lat' dir='ltr'><strong>intuli</strong></span> <span class='ocrx_word' id='word_1_238' title='bbox 696 2380 865 2429; x_wconf 82' lang='lat' dir='ltr'><strong>bellum,</strong></span> <span class='ocrx_word' id='word_1_239' title='bbox 884 2380 971 2418; x_wconf 81' lang='lat' dir='ltr'><strong>iam</strong></span> <span class='ocrx_word' id='word_1_240' title='bbox 991 2392 1220 2431; x_wconf 83' lang='lat' dir='ltr'><strong>provocor.</strong></span> <span class='ocrx_word' id='word_1_241' title='bbox 1269 2378 1446 2418; x_wconf 83' lang='lat' dir='ltr'><strong>Dareus</strong></span> <span class='ocrx_word' id='word_1_242' title='bbox 1471 2390 1570 2430; x_wconf 84' lang='lat' dir='ltr'><strong>ergo</strong></span> <span class='ocrx_word' id='word_1_243' title='bbox 1590 2394 1635 2419; x_wconf 86' lang='lat'><strong>12</strong></span> 
     </span>
     <span class='ocr_line' id='line_1_33' title="bbox 1479 2465 1570 2489; baseline 0 -1"><span class='ocrx_word' id='word_1_244' title='bbox 1479 2465 1570 2489; x_wconf 80' lang='lat' dir='ltr'><strong>cum</strong></span> 
     </span>
    </p>
   </div>
   <div class='ocr_carea' id='block_1_4' title="bbox 222 2548 1568 2642">
    <p class='ocr_par' dir='ltr' id='par_1_18' title="bbox 222 2548 1568 2642">
     <span class='ocr_line' id='line_1_34' title="bbox 222 2548 1568 2596; baseline -0.005 -8"><span class='ocrx_word' id='word_1_245' title='bbox 222 2557 240 2581; x_wconf 88' lang='lat'>1</span> <span class='ocrx_word' id='word_1_246' title='bbox 269 2556 441 2588; x_wconf 63' lang='lat' dir='ltr'><strong>victores.</strong></span> <span class='ocrx_word' id='word_1_247' title='bbox 601 2552 621 2577; x_wconf 92' lang='lat'>2</span> <span class='ocrx_word' id='word_1_248' title='bbox 658 2550 794 2596; x_wconf 76' lang='lat' dir='ltr'><strong>abripi.</strong></span> <span class='ocrx_word' id='word_1_249' title='bbox 951 2548 969 2578; x_wconf 89' lang='grc'><em>3</em></span> <span class='ocrx_word' id='word_1_250' title='bbox 1005 2549 1185 2583; x_wconf 84' lang='lat' dir='ltr'><strong>animum.</strong></span> <span class='ocrx_word' id='word_1_251' title='bbox 1337 2549 1357 2579; x_wconf 90' lang='lat'><strong>4</strong></span> <span class='ocrx_word' id='word_1_252' title='bbox 1385 2548 1568 2594; x_wconf 79' lang='lat' dir='ltr'><strong>corporis.</strong></span> 
     </span>
     <span class='ocr_line' id='line_1_35' title="bbox 311 2602 1370 2642; baseline -0.008 1"><span class='ocrx_word' id='word_1_253' title='bbox 311 2611 329 2638; x_wconf 84' lang='lat'><em>5</em></span> <span class='ocrx_word' id='word_1_254' title='bbox 361 2609 551 2642; x_wconf 69' lang='lat' dir='ltr'><strong>Ciliciam.</strong></span> <span class='ocrx_word' id='word_1_255' title='bbox 754 2604 775 2628; x_wconf 87' lang='lat'><strong>6</strong></span> <span class='ocrx_word' id='word_1_256' title='bbox 801 2602 964 2638; x_wconf 73' lang='lat' dir='ltr'><strong>addicar</strong></span> <span class='ocrx_word' id='word_1_257' title='bbox 990 2615 1072 2636; x_wconf 78' lang='lat' dir='ltr'><strong>suo.</strong></span> <span class='ocrx_word' id='word_1_258' title='bbox 1275 2603 1291 2630; x_wconf 92' lang='grc'>7</span> <span class='ocrx_word' id='word_1_259' title='bbox 1323 2609 1370 2635; x_wconf 85' lang='lat' dir='ltr'><strong>et.</strong></span> 
     </span>
    </p>
   </div>
  </div>
 </body>
</html>
