1703 2961
204 142 307 175 xxx
641 124 1118 172 PRAEFATIO.

202 262 412 294 monem
463 248 793 310 peregrinum
848 261 1178 307 corrumpere
1230 243 1459 302 debebat,
1517 244 1570 291 id

203 312 343 373 quod
377 328 484 357 non
519 313 676 358 semel
706 313 858 356 etiam
901 311 1227 367 doctioribus,
1269 326 1401 371 quae
1435 323 1569 357 vete-

202 394 316 424 rum
348 379 401 422 in
437 377 538 422 hoc
565 392 749 439 genere
784 375 882 422 fuit
924 378 1187 438 ingeniosa
1223 375 1472 436 quaedam
1500 377 1570 421 le-

202 445 344 500 vitas,
381 442 626 488 accidisse
664 453 878 488 constat.
924 443 1268 489 Veruntamen
1301 441 1404 486 hoc
1432 444 1570 502 equi-

204 508 323 554 dem
353 507 718 567 contenderim,
761 509 1049 553 universam
1089 523 1260 553 rerum
1302 508 1573 567 imaginem

202 575 368 620 multo
413 574 808 619 luculentiorem
845 572 907 619 ab
943 573 1046 618 hoc
1083 571 1233 618 nobis
1280 587 1574 632 expressam

208 653 331 695 esse,
361 654 515 699 quam
550 655 579 684 a
610 638 861 696 DiodorO,
897 638 1037 684 arido
1068 640 1314 699 scriptore
1342 649 1391 682 et
1421 639 1572 682 unice

206 704 269 750 ad
303 704 450 759 sacta,
486 719 618 765 quae
666 703 856 762 dicunt,
905 703 1228 765 excerpenda
1274 714 1324 748 et
1364 704 1418 748 in
1455 701 1573 747 hor-

204 785 294 816 rea
327 785 416 815 sua
449 769 802 831 constipanda,
847 771 1075 830 quamvis
1116 769 1271 815 videri
1311 769 1453 824 nolit,
1500 768 1574 811 in-

207 847 368 881 tento·
439 834 639 895 Quodsi
676 848 948 895 utrumque
995 835 1336 890 coniunxeriS,
1383 849 1411 878 a
1449 833 1573 878 Dio-

206 900 333 946 doro
372 915 486 945 ossa
522 902 814 961 sumpseriS,
848 916 1066 957 carnem,
1107 898 1291 961 quibus
1333 914 1391 943 ea
1431 899 1573 959 quasi

204 967 406 1023 vestias,
449 980 478 1010 a
521 967 694 1012 Curtio
733 968 998 1026 petiveris,
1050 981 1159 1011 non
1202 964 1403 1019 dubito,
1451 964 1575 1024 quin

205 1030 354 1077 ambo
391 1033 667 1092 scriptores
704 1031 1016 1078 Clitarchum
1056 1030 1145 1076 tibi
1190 1040 1576 1090 repraesentare

203 1098 420 1158 possint,
456 1096 743 1142 celebratum
782 1099 906 1143 olim
947 1107 1204 1150 auctorem,
1247 1108 1372 1141 teste
1406 1095 1573 1141 Plinio

205 1163 335 1208 nist.
372 1173 536 1208 natur.
566 1163 628 1220 X,
660 1162 736 1210 70.

343 1377 503 1427 Scrib.
536 1381 762 1427 Berolini
795 1378 962 1441 pridie
999 1379 1102 1425 Cal.
1140 1377 1301 1439 April.
1344 1384 1482 1426 1820.
