1703 2961
405 163 488 205 DE
524 160 733 204 GESTIS
770 159 1142 208 AIEx.1V,22.
1402 161 1455 202 63

178 276 340 320 Iisdem
365 277 458 317 fere
479 274 630 317 diebus
656 272 866 314 sollemne
899 279 993 314 erat
1014 271 1234 314 ludicrum
1256 272 1459 315 Isthmio-

23 334 25 338 ι
98 365 220 401 rum,
288 348 409 406 quod
463 353 683 390 con-ventu
742 345 878 386 totius
929 345 1142 387 Gmeciae
1198 338 1455 387 celebratur.

45 412 47 414 Ι
97 424 149 465 In
176 436 230 464 co
272 419 460 464 concilio
499 416 669 466 Graeci,
697 422 712 443 ¹
759 425 808 457 ut
845 424 947 457 sunt
982 416 1247 473 temporaria
1274 417 1456 474 ingenia,

97 495 356 542 decernunt,
392 498 442 532 ut
480 489 774 548 quindecim²
823 489 1071 545 legarentur
1113 488 1169 530 ad
1194 505 1354 546 regem,
1384 491 1458 548 qui

98 567 157 609 oh
188 581 256 608 res
291 580 374 621 pro
412 563 548 605 salute
585 578 635 604 ac
672 561 876 602 libertate
919 559 1170 603 Graeciae³
1206 570 1346 617 gestas
1388 579 1461 605 co-

36 649 83 677 19.
96 653 255 680 ronam
285 651 464 677 auream
488 635 658 676 donum
687 633 895 675 victoriae
922 633 1100 674 ferrent.
1160 633 1300 676 Iidem
1329 636 1462 692 paulo

97 717 200 753 ante
239 709 432 751 incertae
466 706 611 748 famae
657 713 943 762 captaverant
978 720 1147 754 auram,
1180 714 1230 748 ut
1267 723 1465 764 quocun-

94 797 182 840 que
209 781 454 838 pendentes
484 779 655 820 animos
683 779 850 820 tulisset
880 779 1075 826 fortuna,
1101 779 1126 805 ⁴
1163 789 1461 836 sequerentur.

38 867 84 896 13
180 852 396 896 Ceterum
432 867 524 893 non
555 852 647 908 ipse
688 851 828 892 modo
858 866 933 892 rex
959 851 1115 892 obibat
1139 851 1281 902 urbes,
1314 852 1526 897 adhuc23

97 927 250 983 iugum
294 924 466 982 imperii
492 925 506 950 ς
558 931 832 974 recusantes,
897 922 972 964 sed
1016 930 1244 979 praetores
1283 940 1463 983 quoque

96 998 246 1055 ipsius,
285 997 439 1054 egregii
477 996 622 1044 duces,
662 994 871 1051 pleraque
905 995 1166 1037 invaserant.
1221 994 1350 1038 Calas
1384 999 1465 1041 Pa-

98 1069 396 1126 phlagoniam,
431 1067 678 1122 Antigonus
716 1066 1012 1122 Lycaonia1n3
1040 1067 1265 1118 Balacrus,
1303 1070 1466 1112 Idarno

39 1141 234 1183 14Darei
267 1140 505 1197 praetore⁶
547 1144 752 1195 superato
784 1138 1006 1186 Miletum,
1037 1140 1176 1197 cepit:
1216 1141 1465 1199 Amphote-

98 1227 174 1254 rus
203 1219 251 1253 et
286 1210 563 1268 Hegelochus
615 1216 797 1251 centum
845 1210 1063 1267 sexaginta
1111 1213 1293 1254 navium
1333 1213 1468 1256 classe

98 1283 257 1326 insulas
277 1283 393 1324 inter
418 1283 634 1325 Achaiam
657 1290 788 1340 atque
806 1283 958 1324 Asiam
975 1282 1022 1325 in
1043 1283 1265 1327 dicionem
1284 1285 1486 1328 Alexan-'

102 1356 169 1398 dri
204 1355 480 1412 redegerunt.
564 1355 748 1396 Tenedo
788 1370 967 1412 quoque
1005 1363 1198 1412 recepta,
1237 1356 1417 1411 Chium,
1444 1363 1467 1387 ⁷

40 1427 251 1472 1sincolis
268 1427 385 1469 ultro
405 1426 678 1477 vocantibus,
700 1434 946 1470 statuerant
966 1435 1208 1485 occupare:
1239 1431 1471 1474 sed‘Phar-

102 1501 306 1550 nabazus,
335 1499 470 1541 Darei
503 1506 697 1556 praetor,
727 1500 1059 1556 comprehensis
1087 1501 1162 1558 qui
1192 1503 1261 1544 res
1289 1503 1346 1546 ad
1374 1503 1471 1548 Ma-

104 1573 296 1616 cedonas
328 1570 580 1619 trahebant,
609 1586 758 1613 rursus
787 1573 1043 1629 Apollonidi
1072 1581 1117 1615 et
1146 1574 1470 1632 Athanagorae,

103 1659 284 1687 suarum
314 1643 511 1700 partium
538 1644 659 1693 viris,
700 1644 859 1684 urbem
910 1657 1015 1687 cum
1040 1645 1222 1688 modico
1249 1647 1471 1703 praesidio

42 1718 294 1761 16militum
323 1715 472 1757 tradit.
537 1714 756 1757 Praefecti
789 1716 1026 1759 Alexandri
1065 1718 1113 1759 in
1143 1718 1371 1761 obsidione
1399 1734 1472 1762 ur-

103 1790 170 1833 bis
203 1787 555 1846 perseverabant,
589 1802 683 1828 non
723 1794 814 1828 tarn
853 1789 940 1831 suis
976 1790 1151 1841 viribus,
1191 1807 1327 1848 quam
1359 1792 1474 1850 ipso-

103 1877 218 1912 rum,
251 1859 325 1917 qui
354 1858 683 1910 obsidebantur,
714 1860 951 1902 voluntate.
1005 1862 1101 1905 Nec
1127 1861 1282 1905 fefellit
1308 1866 1474 1922 opinio.

104 1935 312 1990 Namque
349 1931 465 1973 inter
504 1929 804 1988 Apolloniden
833 1932 855 1959 8*
892 1941 937 1975 et
979 1935 1112 1977 duces
1148 1936 1339 1978 militum
1375 1946 1475 1981 orta

41 2021 86 2048 17
105 2005 262 2048 seditio
290 2004 566 2060 irrumpendi
592 2003 637 2044 in
665 2005 823 2046 urbem
853 2008 1137 2049 occasionem
1153 2009 1288 2050 de'dit.
1331 2009 1477 2052 ‘Cum-

106 2094 192 2136 que
227 2083 358 2134 porta
396 2076 580 2118 effracta
607 2076 779 2126 ,cohors
811 2078 1116 2125 Macedonum
1146 2082 1365 2133 intrasset,
1397 2098 1476 2140 op-
1516 2088 1523 2114 ,t

104 2149 270 2209 pidani,
300 2149 408 2190 olim
440 2149 621 2191 consilio
662 2150 926 2206 proditionis
958 2151 1136 2208 agitato,
1159 2156 1400 2211 'aggregant
1428 2170 1475 2196 se

104 2221 386 2280 Amphotero
445 2229 489 2263 et
554 2222 824 2278 Hegelocho:
875 2224 1196 2283 Persarumque
1252 2227 1474 2283 praesidio

107 2310 258 2343 caeso,
311 2292 620 2345 Pharnabazus
659 2309 763 2339 cum
800 2295 1066 2352 Apollonide
1095 2299 1476 2358 ·et·xA‹thanagora

108 2449 127 2474 1
156 2448 338 2489 concilim
360 2456 403 2482 ut
435 2457 526 2483 sunt
553 2450 790 2483 Graecorum
814 2457 933 2497 temp.
1205 2452 1227 2478 2
1251 2453 1473 2491 duodecim.

200 2501 670 2538 3Graeciaeaclibermte.
720 2505 813 2537 4Ι,.τ
830 2504 979 2540 emend.
1002 2506 1115 2541 llaec:
1135 2505 1244 2541 codd.
1264 2522 1351 2543 mss.
1379 2522 1474 2556 quo-

200 2567 355 2602 cunque
379 2559 594 2604 pendentes
623 2558 772 2591 animus
799 2560 960 2603 tulisset,
984 2560 1185 2595 fortunam
1212 2574 1292 2609 seq.
1341 2564 1391 2591 -5'
1380 2576 1474 2610 imp.

198 2610 274 2656 ing.
300 2611 443 2646 adhuc:
551 2613 572 2638 6
594 2621 714 2660 praet.
744 2613 837 2646 Dar.
930 2615 949 2642 7
976 2616 1040 2650 Ex
1067 2603 1217 2651 emend.
1248 2615 1370 2651 Codd.
1397 2619 1472 2652 Te-

198 2664 334 2698 nedon
364 2677 519 2712 quoque
550 2668 850 2712 receptaculum.
1038 2668 1058 2697 8
1091 2670 1382 2716 Apollonidem.
