<?xml version="1.0" encoding="UTF-8"?>
<!DOCTYPE html PUBLIC "-//W3C//DTD XHTML 1.0 Transitional//EN"
    "http://www.w3.org/TR/xhtml1/DTD/xhtml1-transitional.dtd">
<html xmlns="http://www.w3.org/1999/xhtml" xml:lang="en" lang="en">
 <head>
  <title>
</title>
<meta http-equiv="Content-Type" content="text/html;charset=utf-8" />
  <meta name='ocr-system' content='tesseract 3.04.00' />
  <meta name='ocr-capabilities' content='ocr_page ocr_carea ocr_par ocr_line ocrx_word'/>
</head>
<body>
  <div class='ocr_page' id='page_1' title='image "./degestisalexandr00curtuoft_0009.png"; bbox 0 0 1703 2961; ppageno 0'>
   <div class='ocr_carea' id='block_1_1' title="bbox 62 782 1514 2614">
    <p class='ocr_par' dir='ltr' id='par_1_1' title="bbox 62 782 1514 2614">
     <span class='ocr_line' id='line_1_1' title="bbox 126 782 1491 849; baseline -0.002 -16"><span class='ocrx_word' id='word_1_1' title='bbox 126 793 206 833; x_wconf 85' lang='lat' dir='ltr'>ctu</span> <span class='ocrx_word' id='word_1_2' title='bbox 238 786 553 849; x_wconf 76' lang='lat' dir='ltr'>reliquerunt:</span> <span class='ocrx_word' id='word_1_3' title='bbox 587 782 703 830; x_wconf 86' lang='lat' dir='ltr'>hinc.</span> <span class='ocrx_word' id='word_1_4' title='bbox 733 783 863 833; x_wconf 82' lang='lat' dir='ltr'>enim</span> <span class='ocrx_word' id='word_1_5' title='bbox 894 790 1067 833; x_wconf 84' lang='lat' dir='ltr'>natum</span> <span class='ocrx_word' id='word_1_6' title='bbox 1102 789 1149 829; x_wconf 89' lang='lat' dir='ltr'>et</span> <span class='ocrx_word' id='word_1_7' title='bbox 1178 783 1353 831; x_wconf 32' lang='lat' dir='ltr'>alitam*</span> <span class='ocrx_word' id='word_1_8' title='bbox 1384 796 1491 831; x_wconf 84' lang='lat' dir='ltr'>esse</span> 
     </span>
     <span class='ocr_line' id='line_1_2' title="bbox 121 877 1493 943; baseline -0.001 -17"><span class='ocrx_word' id='word_1_9' title='bbox 121 882 264 934; x_wconf 21' lang='lat' dir='ltr'>&gt;illam</span> <span class='ocrx_word' id='word_1_10' title='bbox 308 880 407 927; x_wconf 82' lang='lat' dir='ltr'>stili</span> <span class='ocrx_word' id='word_1_11' title='bbox 452 878 743 939; x_wconf 80' lang='lat' dir='ltr'>elegantiam</span> <span class='ocrx_word' id='word_1_12' title='bbox 770 877 1046 943; x_wconf 69' lang='lat' dir='ltr'>=verisimile</span> <span class='ocrx_word' id='word_1_13' title='bbox 1085 884 1182 936; x_wconf 86' lang='lat' dir='ltr'>est,</span> <span class='ocrx_word' id='word_1_14' title='bbox 1232 893 1355 941; x_wconf 86' lang='lat' dir='ltr'>quae</span> <span class='ocrx_word' id='word_1_15' title='bbox 1390 878 1493 924; x_wconf 88' lang='lat' dir='ltr'>iam</span> 
     </span>
     <span class='ocr_line' id='line_1_3' title="bbox 128 968 1492 1038; baseline 0.001 -24"><span class='ocrx_word' id='word_1_16' title='bbox 128 969 245 1015; x_wconf 92' lang='lat' dir='ltr'>olim</span> <span class='ocrx_word' id='word_1_17' title='bbox 282 983 388 1038; x_wconf 86' lang='lat' dir='ltr'>nos,</span> <span class='ocrx_word' id='word_1_18' title='bbox 425 972 684 1033; x_wconf 83' lang='lat' dir='ltr'>magistros</span> <span class='ocrx_word' id='word_1_19' title='bbox 723 970 869 1030; x_wconf 87' lang='lat' dir='ltr'>Tuos,</span> <span class='ocrx_word' id='word_1_20' title='bbox 918 984 1020 1017; x_wconf 92' lang='lat' dir='ltr'>non</span> <span class='ocrx_word' id='word_1_21' title='bbox 1055 970 1366 1018; x_wconf 84' lang='lat' dir='ltr'>mediocriter</span> <span class='ocrx_word' id='word_1_22' title='bbox 1409 968 1492 1015; x_wconf 84' lang='lat' dir='ltr'>de-</span> 
     </span>
     <span class='ocr_line' id='line_1_4' title="bbox 126 1060 1495 1127; baseline 0.001 -21"><span class='ocrx_word' id='word_1_23' title='bbox 126 1060 350 1109; x_wconf 87' lang='lat' dir='ltr'>lectabat.</span> <span class='ocrx_word' id='word_1_24' title='bbox 387 1063 486 1111; x_wconf 81' lang='lat' dir='ltr'>Vos</span> <span class='ocrx_word' id='word_1_25' title='bbox 509 1063 732 1127; x_wconf 86' lang='lat' dir='ltr'>denique,</span> <span class='ocrx_word' id='word_1_26' title='bbox 755 1063 978 1126; x_wconf 82' lang='lat' dir='ltr'>Bogislae</span> <span class='ocrx_word' id='word_1_27' title='bbox 1010 1071 1059 1110; x_wconf 91' lang='lat' dir='ltr'>et</span> <span class='ocrx_word' id='word_1_28' title='bbox 1077 1063 1328 1111; x_wconf 82' lang='lat' dir='ltr'>Vladislae</span> <span class='ocrx_word' id='word_1_29' title='bbox 1358 1061 1495 1108; x_wconf 89' lang='lat' dir='ltr'>Prin-</span> 
     </span>
     <span class='ocr_line' id='line_1_5' title="bbox 129 1152 1499 1222; baseline 0 -21"><span class='ocrx_word' id='word_1_30' title='bbox 129 1157 274 1220; x_wconf 73' lang='lat' dir='ltr'>cipes,</span> <span class='ocrx_word' id='word_1_31' title='bbox 318 1172 524 1220; x_wconf 88' lang='lat' dir='ltr'>quorum</span> <span class='ocrx_word' id='word_1_32' title='bbox 565 1164 700 1205; x_wconf 84' lang='lat' dir='ltr'>aetas</span> <span class='ocrx_word' id='word_1_33' title='bbox 734 1156 893 1203; x_wconf 86' lang='lat' dir='ltr'>adhuc</span> <span class='ocrx_word' id='word_1_34' title='bbox 935 1172 967 1205; x_wconf 89' lang='lat' dir='ltr'>a</span> <span class='ocrx_word' id='word_1_35' title='bbox 1004 1157 1254 1222; x_wconf 84' lang='lat' dir='ltr'>republica</span> <span class='ocrx_word' id='word_1_36' title='bbox 1285 1152 1499 1217; x_wconf 86' lang='lat' dir='ltr'>gerenda.</span> 
     </span>
     <span class='ocr_line' id='line_1_6' title="bbox 126 1247 1498 1314; baseline -0.001 -20"><span class='ocrx_word' id='word_1_37' title='bbox 126 1251 358 1296; x_wconf 80' lang='lat' dir='ltr'>remotior</span> <span class='ocrx_word' id='word_1_38' title='bbox 389 1250 495 1307; x_wconf 86' lang='lat' dir='ltr'>suit,</span> <span class='ocrx_word' id='word_1_39' title='bbox 535 1251 786 1314; x_wconf 80' lang='lat' dir='ltr'>ingenium</span> <span class='ocrx_word' id='word_1_40' title='bbox 818 1265 1015 1298; x_wconf 82' lang='lat' dir='ltr'>summa</span> <span class='ocrx_word' id='word_1_41' title='bbox 1053 1251 1218 1299; x_wconf 83' lang='lat' dir='ltr'>onmia</span> <span class='ocrx_word' id='word_1_42' title='bbox 1243 1247 1498 1314; x_wconf 86' lang='lat' dir='ltr'>promittit,</span> 
     </span>
     <span class='ocr_line' id='line_1_7' title="bbox 128 1341 1498 1405; baseline -0.001 -17"><span class='ocrx_word' id='word_1_43' title='bbox 128 1350 310 1405; x_wconf 79' lang='lat' dir='ltr'>quanta</span> <span class='ocrx_word' id='word_1_44' title='bbox 344 1344 597 1390; x_wconf 83' lang='lat' dir='ltr'>alacritate</span> <span class='ocrx_word' id='word_1_45' title='bbox 625 1343 913 1390; x_wconf 77' lang='lat' dir='ltr'>difficillima</span> <span class='ocrx_word' id='word_1_46' title='bbox 943 1344 1183 1391; x_wconf 87' lang='lat' dir='ltr'>sermonis</span> <span class='ocrx_word' id='word_1_47' title='bbox 1206 1343 1370 1390; x_wconf 85' lang='lat' dir='ltr'>Latini</span> <span class='ocrx_word' id='word_1_48' title='bbox 1403 1341 1498 1387; x_wconf 89' lang='lat' dir='ltr'>ele-</span> 
     </span>
     <span class='ocr_line' id='line_1_8' title="bbox 127 1435 1500 1499; baseline -0.001 -18"><span class='ocrx_word' id='word_1_49' title='bbox 127 1447 293 1482; x_wconf 83' lang='lat' dir='ltr'>menta</span> <span class='ocrx_word' id='word_1_50' title='bbox 323 1435 601 1494; x_wconf 78' lang='lat' dir='ltr'><strong>didiceritis,</strong></span> <span class='ocrx_word' id='word_1_51' title='bbox 632 1444 816 1499; x_wconf 87' lang='lat' dir='ltr'>quanta</span> <span class='ocrx_word' id='word_1_52' title='bbox 848 1438 1030 1483; x_wconf 75' lang='lat' dir='ltr'>virium</span> <span class='ocrx_word' id='word_1_53' title='bbox 1056 1437 1365 1483; x_wconf 83' lang='lat' dir='ltr'>contentione</span> <span class='ocrx_word' id='word_1_54' title='bbox 1398 1448 1500 1480; x_wconf 88' lang='lat' dir='ltr'>cer-</span> 
     </span>
     <span class='ocr_line' id='line_1_9' title="bbox 127 1526 1499 1591; baseline -0.001 -17"><span class='ocrx_word' id='word_1_55' title='bbox 127 1529 363 1586; x_wconf 78' lang='lat' dir='ltr'>taveritis,</span> <span class='ocrx_word' id='word_1_56' title='bbox 397 1536 452 1574; x_wconf 92' lang='lat' dir='ltr'>ut</span> <span class='ocrx_word' id='word_1_57' title='bbox 478 1529 771 1575; x_wconf 84' lang='lat' dir='ltr'>industriam</span> <span class='ocrx_word' id='word_1_58' title='bbox 804 1529 926 1574; x_wconf 87' lang='lat' dir='ltr'>mihi</span> <span class='ocrx_word' id='word_1_59' title='bbox 957 1529 1185 1574; x_wconf 82' lang='lat' dir='ltr'>Vestram</span> <span class='ocrx_word' id='word_1_60' title='bbox 1211 1526 1499 1591; x_wconf 86' lang='lat' dir='ltr'>probaretis,</span> 
     </span>
     <span class='ocr_line' id='line_1_10' title="bbox 129 1618 1501 1682; baseline -0.001 -16"><span class='ocrx_word' id='word_1_61' title='bbox 129 1621 448 1667; x_wconf 78' lang='lat' dir='ltr'>libentissime</span> <span class='ocrx_word' id='word_1_62' title='bbox 485 1618 738 1676; x_wconf 85' lang='lat' dir='ltr'>recordor,</span> <span class='ocrx_word' id='word_1_63' title='bbox 775 1635 832 1666; x_wconf 90' lang='lat' dir='ltr'>ac</span> <span class='ocrx_word' id='word_1_64' title='bbox 873 1620 914 1666; x_wconf 90' lang='lat' dir='ltr'>si</span> <span class='ocrx_word' id='word_1_65' title='bbox 949 1633 1080 1666; x_wconf 91' lang='lat' dir='ltr'>nunc</span> <span class='ocrx_word' id='word_1_66' title='bbox 1120 1619 1319 1682; x_wconf 88' lang='lat' dir='ltr'>quidem</span> <span class='ocrx_word' id='word_1_67' title='bbox 1356 1620 1501 1680; x_wconf 84' lang='lat' dir='ltr'>longe</span> 
     </span>
     <span class='ocr_line' id='line_1_11' title="bbox 130 1712 1504 1769; baseline -0.002 -9"><span class='ocrx_word' id='word_1_68' title='bbox 130 1730 160 1760; x_wconf 85' lang='lat' dir='ltr'>a</span> <span class='ocrx_word' id='word_1_69' title='bbox 182 1714 331 1760; x_wconf 66' lang='lat' dir='ltr'>Vobis</span> <span class='ocrx_word' id='word_1_70' title='bbox 365 1712 554 1769; x_wconf 85' lang='lat' dir='ltr'>absum,</span> <span class='ocrx_word' id='word_1_71' title='bbox 589 1712 642 1758; x_wconf 91' lang='lat' dir='ltr'>in</span> <span class='ocrx_word' id='word_1_72' title='bbox 677 1713 811 1758; x_wconf 87' lang='lat' dir='ltr'>omni</span> <span class='ocrx_word' id='word_1_73' title='bbox 840 1720 1008 1758; x_wconf 87' lang='lat' dir='ltr'>tamen</span> <span class='ocrx_word' id='word_1_74' title='bbox 1037 1713 1504 1760; x_wconf 84' lang='lat' dir='ltr'>commemoratione</span> 
     </span>
     <span class='ocr_line' id='line_1_12' title="bbox 130 1804 1502 1869; baseline -0.003 -16"><span class='ocrx_word' id='word_1_75' title='bbox 130 1806 416 1853; x_wconf 84' lang='lat' dir='ltr'>eruditionis</span> <span class='ocrx_word' id='word_1_76' title='bbox 454 1805 657 1851; x_wconf 65' lang='lat' dir='ltr'>Vestrae</span> <span class='ocrx_word' id='word_1_77' title='bbox 713 1804 892 1866; x_wconf 84' lang='lat' dir='ltr'>gaudio</span> <span class='ocrx_word' id='word_1_78' title='bbox 937 1820 1019 1852; x_wconf 85' lang='lat' dir='ltr'>me</span> <span class='ocrx_word' id='word_1_79' title='bbox 1062 1805 1292 1869; x_wconf 83' lang='lat' dir='ltr'>perfundi</span> <span class='ocrx_word' id='word_1_80' title='bbox 1329 1804 1502 1852; x_wconf 83' lang='lat' dir='ltr'>sentio.</span> 
     </span>
     <span class='ocr_line' id='line_1_13' title="bbox 62 1896 1503 1962; baseline -0.003 -16"><span class='ocrx_word' id='word_1_81' title='bbox 62 1923 65 1926; x_wconf 50' lang='lat'><strong>⁴</strong></span> <span class='ocrx_word' id='word_1_82' title='bbox 128 1901 298 1962; x_wconf 77' lang='lat' dir='ltr'>Itaque</span> <span class='ocrx_word' id='word_1_83' title='bbox 315 1898 479 1955; x_wconf 72' lang='lat' dir='ltr'>Vobis,</span> <span class='ocrx_word' id='word_1_84' title='bbox 512 1898 759 1961; x_wconf 81' lang='lat' dir='ltr'>Principes</span> <span class='ocrx_word' id='word_1_85' title='bbox 793 1897 1098 1956; x_wconf 76' lang='lat' dir='ltr'>nobilissimi,</span> <span class='ocrx_word' id='word_1_86' title='bbox 1128 1908 1349 1945; x_wconf 86' lang='lat' dir='ltr'>veterem</span> <span class='ocrx_word' id='word_1_87' title='bbox 1373 1896 1503 1943; x_wconf 78' lang='lat' dir='ltr'>hunc</span> 
     </span>
     <span class='ocr_line' id='line_1_14' title="bbox 131 1984 1506 2052; baseline -0.003 -13"><span class='ocrx_word' id='word_1_88' title='bbox 131 1991 408 2039; x_wconf 70' lang='lat' dir='ltr'>Alexandri</span> <span class='ocrx_word' id='word_1_89' title='bbox 459 2005 624 2038; x_wconf 86' lang='lat' dir='ltr'>rerum</span> <span class='ocrx_word' id='word_1_90' title='bbox 680 1984 943 2052; x_wconf 79' lang='lat' dir='ltr'>gestarum¹</span> <span class='ocrx_word' id='word_1_91' title='bbox 991 1998 1242 2038; x_wconf 86' lang='lat' dir='ltr'>auctorem</span> <span class='ocrx_word' id='word_1_92' title='bbox 1304 1989 1506 2037; x_wconf 82' lang='lat' dir='ltr'>meliore</span> 
     </span>
     <span class='ocr_line' id='line_1_15' title="bbox 131 2082 1508 2147; baseline -0.004 -14"><span class='ocrx_word' id='word_1_93' title='bbox 131 2095 270 2133; x_wconf 80' lang='lat' dir='ltr'>veste</span> <span class='ocrx_word' id='word_1_94' title='bbox 290 2085 518 2132; x_wconf 81' lang='lat' dir='ltr'>indutmn</span> <span class='ocrx_word' id='word_1_95' title='bbox 542 2083 783 2141; x_wconf 84' lang='lat' dir='ltr'>dedicavi,</span> <span class='ocrx_word' id='word_1_96' title='bbox 815 2091 871 2129; x_wconf 91' lang='lat' dir='ltr'>ut</span> <span class='ocrx_word' id='word_1_97' title='bbox 903 2082 1044 2130; x_wconf 86' lang='lat' dir='ltr'>alteri</span> <span class='ocrx_word' id='word_1_98' title='bbox 1074 2084 1338 2147; x_wconf 84' lang='lat' dir='ltr'>pristinum</span> <span class='ocrx_word' id='word_1_99' title='bbox 1370 2083 1508 2129; x_wconf 90' lang='lat' dir='ltr'>insti-</span> 
     </span>
     <span class='ocr_line' id='line_1_16' title="bbox 133 2175 1508 2239; baseline -0.001 -14"><span class='ocrx_word' id='word_1_100' title='bbox 133 2179 332 2226; x_wconf 69' lang='lat' dir='ltr'>tutionis</span> <span class='ocrx_word' id='word_1_101' title='bbox 357 2178 526 2225; x_wconf 89' lang='lat' dir='ltr'>orbem</span> <span class='ocrx_word' id='word_1_102' title='bbox 555 2178 721 2223; x_wconf 86' lang='lat' dir='ltr'>animo</span> <span class='ocrx_word' id='word_1_103' title='bbox 754 2177 1023 2224; x_wconf 89' lang='lat' dir='ltr'>recolentes</span> <span class='ocrx_word' id='word_1_104' title='bbox 1056 2175 1263 2239; x_wconf 84' lang='lat' dir='ltr'>legendo</span> <span class='ocrx_word' id='word_1_105' title='bbox 1297 2175 1508 2223; x_wconf 85' lang='lat' dir='ltr'>delecta-</span> 
     </span>
     <span class='ocr_line' id='line_1_17' title="bbox 132 2267 1511 2331; baseline -0.003 -12"><span class='ocrx_word' id='word_1_106' title='bbox 132 2273 323 2329; x_wconf 88' lang='lat' dir='ltr'>rcmini,</span> <span class='ocrx_word' id='word_1_107' title='bbox 375 2271 516 2318; x_wconf 85' lang='lat' dir='ltr'>alteri</span> <span class='ocrx_word' id='word_1_108' title='bbox 551 2269 616 2316; x_wconf 87' lang='lat' dir='ltr'>ad</span> <span class='ocrx_word' id='word_1_109' title='bbox 659 2270 922 2317; x_wconf 83' lang='lat' dir='ltr'>historiam</span> <span class='ocrx_word' id='word_1_110' title='bbox 975 2277 1024 2316; x_wconf 89' lang='lat' dir='ltr'>et</span> <span class='ocrx_word' id='word_1_111' title='bbox 1075 2270 1270 2331; x_wconf 85' lang='lat' dir='ltr'>linguae</span> <span class='ocrx_word' id='word_1_112' title='bbox 1304 2267 1511 2316; x_wconf 87' lang='lat' dir='ltr'>Latinae</span> 
     </span>
     <span class='ocr_line' id='line_1_18' title="bbox 134 2361 1512 2426; baseline -0.001 -15"><span class='ocrx_word' id='word_1_113' title='bbox 134 2365 458 2425; x_wconf 84' lang='lat' dir='ltr'>cognitionem</span> <span class='ocrx_word' id='word_1_114' title='bbox 501 2361 790 2426; x_wconf 69' lang='lat' dir='ltr'>{proficertis</span> <span class='ocrx_word' id='word_1_115' title='bbox 854 2362 957 2410; x_wconf 82' lang='lat' dir='ltr'>Nec</span> <span class='ocrx_word' id='word_1_116' title='bbox 1005 2361 1200 2420; x_wconf 84' lang='lat' dir='ltr'>dubito,</span> <span class='ocrx_word' id='word_1_117' title='bbox 1253 2363 1370 2425; x_wconf 91' lang='lat' dir='ltr'>quin</span> <span class='ocrx_word' id='word_1_118' title='bbox 1410 2361 1512 2409; x_wconf 87' lang='lat' dir='ltr'>Vos</span> 
     </span>
     <span class='ocr_line' id='line_1_19' title="bbox 135 2454 1514 2520; baseline 0.001 -18"><span class='ocrx_word' id='word_1_119' title='bbox 135 2472 340 2520; x_wconf 85' lang='lat' dir='ltr'>quoque,</span> <span class='ocrx_word' id='word_1_120' title='bbox 371 2457 595 2519; x_wconf 85' lang='lat' dir='ltr'>Bogislae</span> <span class='ocrx_word' id='word_1_121' title='bbox 638 2464 687 2502; x_wconf 87' lang='lat' dir='ltr'>et</span> <span class='ocrx_word' id='word_1_122' title='bbox 717 2456 968 2503; x_wconf 69' lang='lat' dir='ltr'>vladislae</span> <span class='ocrx_word' id='word_1_123' title='bbox 998 2456 1261 2519; x_wconf 87' lang='lat' dir='ltr'>Principes,</span> <span class='ocrx_word' id='word_1_124' title='bbox 1303 2454 1514 2504; x_wconf 73' lang='lat' dir='ltr'>fratrum</span> 
     </span>
     <span class='ocr_line' id='line_1_20' title="bbox 135 2547 1511 2614; baseline 0 -18"><span class='ocrx_word' id='word_1_125' title='bbox 135 2550 518 2599; x_wconf 82' lang='lat' dir='ltr'>clarissimonun</span> <span class='ocrx_word' id='word_1_126' title='bbox 558 2551 791 2614; x_wconf 82' lang='lat' dir='ltr'>exemplo</span> <span class='ocrx_word' id='word_1_127' title='bbox 826 2548 1008 2608; x_wconf 79' lang='lat' dir='ltr'>adiuti,</span> <span class='ocrx_word' id='word_1_128' title='bbox 1075 2547 1340 2612; x_wconf 82' lang='lat' dir='ltr'>&#39;aliquando</span> <span class='ocrx_word' id='word_1_129' title='bbox 1380 2563 1511 2597; x_wconf 83' lang='lat' dir='ltr'>eom-</span> 
     </span>
    </p>
   </div>
  </div>
 </body>
</html>
