1703 2961
430 136 508 174 DE
537 130 732 174 GESTIS
753 127 934 175 'ALEJL
966 135 1046 181 III,
1076 133 1114 174 6.
1397 134 1445 176 11

101 251 362 301 cupaturum
403 258 506 294 esse,
559 244 678 287 haud
716 245 954 302 ambigere,
982 249 997 270 ¹
1049 245 1259 301 quoniam
1277 245 1341 286 ··in
1381 260 1452 286 eo-

100 316 203 357 dem
234 317 383 358 habitu
409 317 578 358 Dareus
597 316 758 366 fuisset,
789 322 890 359 eum
917 315 1153 373 appellatus
1185 320 1329 359 esset²
1363 331 1449 358 rex.

67 388 263 430 6Vetera
297 398 472 446 quoque
509 388 673 436 omina,
698 395 748 428 ut
778 389 876 438 fert,
904 389 924 418 ³
951 388 1194 430 sollicitudo
1226 404 1454 430 revocave-

0 446 4 518 )
99 467 185 500 rat:
214 451 500 502 recensebant
538 459 655 501 enim
689 461 884 501 Dareum
917 459 960 500 in
988 460 1204 516 principio
1228 463 1251 488 ⁴
1282 460 1454 516 imperii

0 523 1 554 l
100 532 299 589 vaginam
346 524 549 574 acinacis'
582 531 801 573 Persicam
849 531 1015 572 iussisse
1059 531 1221 572 mutari
1266 531 1310 572 in
1358 547 1455 573 eam

0 611 1 636 l
98 603 315 652 sormam,
369 618 453 660 qua
482 603 663 647 *Graeci
697 610 946 654 uterentur,
995 604 1282 660 protinusque
1328 604 1458 646 Chal-

99 674 230 715 daeos
260 675 582 732 interpretatos,
613 675 846 732 imperium
876 676 1106 716 Persarum
1138 676 1191 716 ad
1223 690 1296 717 eos
1316 683 1455 717 trans-

69 745 280 798 ⁷iturum,
332 762 522 804 quorum
570 762 691 789 arma
730 754 840 788 esset
867 745 1070 788 imitatus.
1124 746 1336 789 Ceterum
1363 748 1458 804 'ipse

100 825 144 858 et
171 825 323 860 vatum
353 834 576 877 responso,
620 820 739 877 quod
780 820 992 860 edebatur
1032 819 1076 859 in
1104 819 1265 875 vulgus,
1295 827 1340 860 et
1367 835 1459 876 spe-

101 890 177 940 cie,
216 906 327 948 quae
364 907 444 948 per
483 907 690 934 somnum
720 891 862 933 oblata
887 897 992 941 erat,
1031 890 1276 934 admodum
1307 892 1458 942 laetus,

100 969 240 1004 castra
268 963 324 1005 ad
352 963 611 1020 Euphraten
636 963 804 1005 moveri
835 962 969 1004 iubet.

77 1072 95 1099 8
127 1048 132 1056 Ι
184 1048 331 1123 Patrio
364 1044 490 1107 more
521 1064 753 1106 Persarum
785 1062 997 1104 traditum
1027 1071 1102 1115 est,
1141 1071 1240 1106 orto
1271 1064 1359 1106 sole
1389 1064 1460 1106 de·
1498 1068 1522 1113 7

99 1151 226 1176 mum
265 1122 521 1197 procedere.
610 1135 694 1177 Die
734 1135 823 1175 iam
862 1135 1027 1185 illustri,
1069 1136 1241 1192 signum
1267 1153 1290 1178 e
1321 1137 1465 1177 taber-

99 1206 258 1248 naculo
297 1207 407 1264 regis
444 1208 632 1251 buccina
672 1207 870 1249 dabatur.
946 1207 1088 1264 Super
1114 1201 1464 1259 tabernaculum,

86 1270 218 1333 *unde
251 1279 304 1320 ab
332 1280 535 1322 omnibus
565 1279 758 1336 conspici
793 1287 952 1336 posset,
984 1279 1128 1337 imago
1159 1280 1259 1322 solis
1290 1282 1464 1338 crystal-

102 1351 144 1393 lo
183 1351 346 1394 inclusa
385 1351 593 1412 fulgebat.
662 1352 789 1394 Ordo
830 1359 979 1392 autem
1013 1352 1194 1407 agminis
1231 1360 1328 1394 erat
1354 1353 1462 1395 talis.

68 1424 228 1482 9Igni57
274 1439 407 1481 quem
453 1424 532 1481 ipsi
569 1431 826 1474 sacrumvet
868 1414 1099 1464 aeternum
1134 1424 1365 1478 vocabant,
1402 1440 1466 1466 ar-

104 1495 268 1554 genteis
310 1491 518 1548 'altaribus
564 1486 907 1552 praeferebatur.
993 1495 1111 1551 Magi
1159 1483 1346 1552 proximi
1392 1513 1467 1554 pa-

43 1569 239 1609 10trium
279 1582 457 1618 carmen
479 1568 725 1622 canebant.
782 1567 936 1622 Magos
961 1566 1147 1608 trecenti
1176 1574 1220 1608 et
1248 1570 1465 1626 sexaginta

102 1626 295 1697 quinque
327 1630 501 1698 iuvenes
527 1639 836 1694 sequebantur,
865 1638 1037 1693 punicis
1062 1640 1075 1666 ⁵
1106 1639 1305 1681 amiculis
1324 1642 1466 1689 velati,

107 1711 259 1767 diebus
289 1709 425 1751 totius
469 1709 571 1751 anni
606 1725 734 1767 pares
760 1723 970 1759 numer03
998 1710 1160 1767 quippe
1192 1712 1330 1754 Persis
1362 1730 1469 1771 quo-

47 1802 92 1826 11
110 1798 194 1844 que
233 1782 278 1824 in
318 1780 509 1823 totidem
547 1781 639 1823 dies
670 1783 909 1839 descriptus
936 1790 999 1824 est
1031 1797 1184 1824 annus.
1235 1828 1239 1831 ,
1274 1785 1469 1827 Currum

106 1843 265 1898 deinde
316 1853 407 1894 Iovi
458 1861 680 1895 sacratum
729 1854 922 1896 albentes
964 1854 1184 1897 vehebant
1229 1857 1348 1914 equi:
1388 1857 1471 1898 hos

108 1927 288 1970 eximiae
325 1926 637 1988 magnitudinis
675 1942 830 1984 equus,
870 1942 1003 1983 quem
1033 1927 1145 1969 Solis
1177 1929 1471 1985 appellabant,

109 1998 384 2056 sequebatur.
452 2000 623 2040 Aureae
659 1999 801 2056 virgae
851 2005 896 2040 et
944 1998 1066 2040 albae
1108 2006 1247 2042 vestes
1276 2010 1475 2059 regentes

53 2093 100 2116 12
116 2086 251 2128 equos
288 2069 576 2113 adornabant.
662 2071 793 2113 Haud
830 2071 988 2128 procul
1028 2079 1153 2113 erant
1178 2071 1372 2116 vehicula
1404 2075 1475 2116 de<

55 2159 213 2192 13cem
243 2142 384 2184 multo
411 2157 518 2184 auro
547 2150 814 2201 argentoque
830 2144 1006 2199 caelata.
1063 2145 1338 2202 Sequebatur
1363 2147 1473 2189 haec

112 2216 330 2273 equitatus
373 2214 609 2257 duodecim
648 2216 840 2273 gentium
877 2216 1002 2257 variis
1030 2218 1159 2259 armis
1190 2225 1234 2259 et
1262 2219 1473 2261 moribus.

110 2286 305 2328 Proximi
333 2286 457 2328 ibant
483 2302 593 2344 quos
624 2286 780 2329 Persae
807 2289 1083 2332 Immortales
1113 2298 1286 2341 vocant,
1320 2293 1375 2333 ad
1405 2292 1477 2334 de-

116 2374 215 2420 cem
242 2357 401 2424 milia,i
437 2357 592 2407 Cultus
613 2359 862 2417 opulentiae
890 2360 1102 2406 barbarae
1133 2378 1225 2405 non
1252 2364 1358 2407 alios
1385 2380 1477 2408 ma-

125 2518 142 2542 1
167 2517 216 2551 de
245 2520 427 2562 corticea,
467 2518 588 2553 Codd.
636 2521 787 2566 quodve
829 2532 988 2568 regnum
1029 2524 1138 2559 Asiae
1179 2537 1367 2572 occupare
1411 2528 1478 2561 ha-

200 2572 351 2615 buisset
376 2572 486 2606 haud'
507 2574 683 2621 ambigue
710 2577 776 2610 rei.
870 2576 890 2601 2
918 2584 984 2610 est.
1077 2577 1096 2608 3
1123 2576 1178 2612 fit.
1268 2582 1290 2612 4
1315 2581 1475 2616 Darium

166 2638 167 2641 ¹
211 2627 314 2660 enini
338 2627 379 2661 in
403 2627 610 2674 principie,
635 2631 718 2665 sine
741 2622 1006 2666 recensebant.
1154 2634 1175 2662 5
1200 2634 1385 2680 puniceis.
