1703 2961
442 140 522 182 DE
544 140 755 183 GESTIS
781 140 951 184 ALEX.
979 142 1049 189 lx,
1077 141 1143 186 37.
1399 142 1480 187 337

55 268 109 296 -23
194 254 373 309 Iamque
396 267 482 293 nox
511 252 760 308 appetebat,
789 261 831 294 et
851 268 998 310 regem
1020 269 1196 310 quoque
1227 253 1470 309 desperatio
1485 252 1539 297 37

120 325 267 366 salutis
314 324 581 380 aegritudine
631 324 850 366 affecerat.
928 326 1029 366 Non
1066 332 1216 365 tamen
1264 323 1477 367 invictum

120 396 316 437 animum
348 411 477 437 curae
518 396 726 443 obruunt,
771 396 875 452 quin
914 403 1006 436 tota
1039 404 1170 437 nocte
1200 395 1470 450 persideret¹

115 467 162 508 in
202 467 399 524 speculis,
438 466 691 523 equitesque
734 469 1038 524 praemitteret
1068 466 1122 506 ad
1154 482 1201 507 os
1231 467 1381 516 amnis,
1413 475 1475 518 ut,

118 555 221 580 cum
252 554 372 580 mare
400 553 547 578 rursus
577 547 826 579 exaestuare
847 539 1089 588 sensissent,
1111 538 1471 594 praecederent.²

55 610 296 666 24Navigia
337 625 511 667 quoque
547 611 623 651 et³
665 610 854 653 lacerata
895 610 1028 657 refici,
1067 617 1110 650 et
1150 624 1294 651 eversa
1334 610 1476 652 ssueti·

116 682 197 722 bus
218 683 317 738 erigi
341 683 474 729 iubet,
494 688 754 739 paratosque
784 698 872 723 esse
894 690 936 722 et
966 681 1170 732 intentos,
1204 698 1304 724 cuni
1326 698 1474 726 rursus

49 769 95 796 25
115 769 236 794 mare
258 762 392 794 terras
414 755 674 795 inundasset.
729 756 842 795 Tota
866 769 913 794 ea
935 760 1064 794 nocte
1086 752 1199 793 inter
1219 754 1378 810 vigilias
1402 757 1475 796 ad-

114 824 474 883 hortationesque
506 832 782 883 consumpta,
821 825 1017 866 celeriter
1049 831 1092 865 et
1119 826 1281 881 equites
1312 828 1472 884 ingenti

115 912 242 938 cursu
285 897 495 954 refugere,
538 907 581 940 et
628 906 802 940 secutus
851 904 914 937 est
964 903 1119 937 aestus.
1203 896 1289 951 Qui
1327 898 1472 953 primo

113 969 236 1026 aquis
274 969 357 1009 leni
399 976 543 1011 tractu
582 969 869 1012 subeuntibus
919 969 1067 1025 coepit
1113 968 1254 1009 levare
1292 969 1473 1025 navigia,

113 1055 217 1080 mox
261 1041 363 1082 totis
412 1042 579 1098 campis
625 1041 844 1082 inundans
895 1041 1028 1082 etiam
1068 1040 1239 1094 impulit
1281 1040 1474 1083 classem.

48 1111 378 1169 26Plaususque
420 1113 610 1154 militum
646 1113 1029 1168 nauticorumque,
1072 1111 1338 1168 insperatam
1366 1114 1475 1155 salu-

112 1189 204 1224 tem
243 1183 486 1226 immodico
535 1182 854 1226 celebrantium
893 1183 1067 1239 gaudio,
1107 1184 1307 1226 litoribus
1354 1187 1475 1243 ripis-

114 1271 199 1312 que
230 1256 475 1296 resonabat.
536 1256 667 1296 Unde
708 1263 883 1296 tantum
918 1255 1100 1296 redisset
1139 1256 1283 1297 subito
1325 1261 1473 1300 mare?

111 1343 199 1384 quo
231 1327 372 1384 pridie
392 1327 644 1383 refugisset?
676 1342 894 1384 quaenam
917 1332 1027 1367 esset
1050 1325 1245 1368 eiusdem
1270 1328 1473 1372 elementi

111 1405 283 1448 natura,
323 1399 460 1440 modo
498 1399 677 1446 discors,
715 1398 852 1439 modo
888 1397 1073 1453 imperio
1113 1406 1368 1455 temporum
1398 1403 1473 1444 ob-

42 1493 90 1518 27
111 1471 264 1512 noxia?
291 1470 542 1512 mirabundi
573 1471 871 1528 requirebant.
911 1470 1004 1511 Rex
1036 1485 1139 1510 cum
1170 1487 1219 1511 ex
1252 1488 1316 1521 eo,
1350 1476 1472 1530 quod

112 1543 354 1592 acciderat,
396 1543 679 1591 coniectaret,
714 1550 815 1599 post
851 1542 951 1582 solis
988 1549 1135 1581 ortum
1170 1549 1333 1584 statum
1365 1554 1475 1587 tem-

110 1630 193 1671 pus
225 1630 327 1664 esse,
356 1614 499 1656 media
522 1622 665 1665 nocte,
699 1622 748 1655 ut
774 1623 943 1656 aestum
964 1622 1213 1670 occuparet,
1246 1631 1347 1657 cum
1369 1633 1476 1674 pau-

113 1684 171 1728 cis
210 1687 388 1742 navigiis
429 1687 623 1729 seeundo
669 1702 799 1727 amne
841 1686 1032 1730 defluxit.
1105 1686 1383 1745 Evectusque
1425 1707 1474 1733 os

112 1756 202 1798 eius
238 1758 554 1814 quadringenta
593 1758 731 1799 stadia
772 1758 984 1815 processit
1025 1758 1070 1798 in
1102 1773 1252 1808 mare,
1291 1762 1474 1805 tandem

110 1829 200 1869 voti
229 1829 291 1870 sui
322 1844 528 1885 compos;
551 1829 909 1885 praesidibusque
940 1834 1018 1871 et4
1047 1831 1183 1872 maris
1203 1838 1246 1872 et
1271 1831 1473 1878 locorum

112 1900 191 1941 diis
219 1899 430 1942 sacrificio
463 1900 596 1950 facto,
633 1901 687 1942 ad
721 1901 899 1942 classem
927 1902 1071 1943 rediit.

56 1994 97 2023 Χ,
203 1972 317 2014 Hinc
348 1972 578 2013 adversum
598 1972 764 2013 flumen
795 1973 944 2014 subit5
981 1974 1140 2028 classis,
1165 1983 1208 2016 et
1234 1976 1369 2019 altero
1403 1979 1533 2024 dieSS

112 2044 290 2100 appulsa
321 2048 384 2084 est
427 2043 547 2085 haud
585 2044 741 2101 procul
774 2044 872 2086 lacu
905 2045 1027 2096 salso,
1056 2046 1178 2088 cuius
1210 2048 1431 2104 incognita
1453 2051 1476 2077 ⁶

112 2124 269 2158 natura
314 2116 546 2172 plerosque
591 2116 765 2172 decepit
818 2123 985 2158 temere
1039 2117 1252 2174 ingressos
1302 2136 1476 2178 aquam.

115 2188 291 2244 Quippe
332 2187 498 2229 scabies
543 2203 731 2244 corpora
764 2188 931 2239 invasit,
971 2197 1015 2230 et
1042 2191 1297 2247 contagium
1328 2195 1474 2236 morbi

115 2260 244 2300 etiam
294 2260 339 2300 in
376 2259 482 2300 alios
529 2259 753 2316 vulgatum
796 2267 873 2305 est.
947 2262 1110 2303 Oleum
1154 2265 1350 2305 remedio
1381 2266 1476 2309 fuit.

62 2357 83 2379 2
115 2331 345 2372 Leonnato
387 2331 544 2372 deinde
582 2332 842 2387 praemisso,
883 2339 932 2374 ut
968 2341 1126 2390 puteos
1167 2333 1354 2384 foderet,
1389 2354 1475 2395 qua

61 2412 64 2418 ⁴
112 2402 303 2442 terrestri
336 2403 491 2444 itinere
522 2403 732 2445 ducturus
766 2405 1006 2447 exercitum
1035 2406 1275 2458 videbatur,
1309 2410 1494 2467 quippe¹

114 2570 130 2593 1
153 2568 398 2614 praesideret.
543 2570 564 2596 2
585 2570 854 2617 procederent.
1000 2571 1020 2602 3
1043 2571 1166 2619 abest.
1309 2578 1330 2606 4
1355 2575 1478 2610 abeat.

204 2623 224 2650 5
250 2621 380 2656 subiit.
583 2625 604 2650 6
627 2625 771 2670 ignota.

1173 2686 1212 2729 Y
