<?xml version="1.0" encoding="UTF-8"?>
<!DOCTYPE html PUBLIC "-//W3C//DTD XHTML 1.0 Transitional//EN"
    "http://www.w3.org/TR/xhtml1/DTD/xhtml1-transitional.dtd">
<html xmlns="http://www.w3.org/1999/xhtml" xml:lang="en" lang="en">
 <head>
  <title>
</title>
<meta http-equiv="Content-Type" content="text/html;charset=utf-8" />
  <meta name='ocr-system' content='tesseract 3.04.00' />
  <meta name='ocr-capabilities' content='ocr_page ocr_carea ocr_par ocr_line ocrx_word'/>
</head>
<body>
  <div class='ocr_page' id='page_1' title='image "./degestisalexandr00curtuoft_0068.png"; bbox 0 0 1703 2961; ppageno 0'>
   <div class='ocr_carea' id='block_1_1' title="bbox 220 130 1127 186">
    <p class='ocr_par' dir='ltr' id='par_1_1' title="bbox 220 130 1127 186">
     <span class='ocr_line' id='line_1_1' title="bbox 220 130 1127 186; baseline 0.004 -14"><span class='ocrx_word' id='word_1_1' title='bbox 220 133 275 172; x_wconf 79' lang='lat'>28</span> <span class='ocrx_word' id='word_1_2' title='bbox 506 160 510 166; x_wconf 91' lang='lat'>.</span> <span class='ocrx_word' id='word_1_3' title='bbox 667 132 724 186; x_wconf 79' lang='lat' dir='ltr'>Q.</span> <span class='ocrx_word' id='word_1_4' title='bbox 755 130 959 176; x_wconf 79' lang='lat' dir='ltr'>CUR&#39;rn</span> <span class='ocrx_word' id='word_1_5' title='bbox 990 133 1127 177; x_wconf 77' lang='lat' dir='ltr'><strong>RUF1</strong></span> 
     </span>
    </p>
   </div>
   <div class='ocr_carea' id='block_1_2' title="bbox 142 245 1628 2576">
    <p class='ocr_par' dir='ltr' id='par_1_2' title="bbox 207 245 1628 1597">
     <span class='ocr_line' id='line_1_2' title="bbox 221 245 1572 309; baseline 0.003 -19"><span class='ocrx_word' id='word_1_6' title='bbox 221 247 437 290; x_wconf 87' lang='lat' dir='ltr'>niensium</span> <span class='ocrx_word' id='word_1_7' title='bbox 464 245 689 304; x_wconf 81' lang='lat' dir='ltr'><strong>Philippus</strong></span> <span class='ocrx_word' id='word_1_8' title='bbox 719 251 844 302; x_wconf 85' lang='lat' dir='ltr'>pater</span> <span class='ocrx_word' id='word_1_9' title='bbox 873 247 1170 300; x_wconf 86' lang='lat' dir='ltr'>invocabatur,</span> <span class='ocrx_word' id='word_1_10' title='bbox 1185 247 1464 309; x_wconf 88' lang='lat' dir='ltr'>domitaeque</span> <span class='ocrx_word' id='word_1_11' title='bbox 1493 266 1572 294; x_wconf 87' lang='lat' dir='ltr'>nu-</span> 
     </span>
     <span class='ocr_line' id='line_1_3' title="bbox 220 317 1570 375; baseline 0.005 -15"><span class='ocrx_word' id='word_1_12' title='bbox 220 334 299 375; x_wconf 92' lang='lat' dir='ltr'>per</span> <span class='ocrx_word' id='word_1_13' title='bbox 337 320 548 361; x_wconf 82' lang='lat' dir='ltr'>Boeotiae</span> <span class='ocrx_word' id='word_1_14' title='bbox 597 325 640 360; x_wconf 89' lang='lat' dir='ltr'>et</span> <span class='ocrx_word' id='word_1_15' title='bbox 684 317 803 358; x_wconf 90' lang='lat' dir='ltr'>urbis</span> <span class='ocrx_word' id='word_1_16' title='bbox 838 317 883 358; x_wconf 88' lang='lat' dir='ltr'>in</span> <span class='ocrx_word' id='word_1_17' title='bbox 921 334 971 360; x_wconf 89' lang='lat' dir='ltr'>ea</span> <span class='ocrx_word' id='word_1_18' title='bbox 1009 320 1300 364; x_wconf 84' lang='lat' dir='ltr'>nobilissimae</span> <span class='ocrx_word' id='word_1_19' title='bbox 1336 324 1390 365; x_wconf 88' lang='lat' dir='ltr'>ad</span> <span class='ocrx_word' id='word_1_20' title='bbox 1429 325 1570 367; x_wconf 84' lang='lat' dir='ltr'>solum</span> 
     </span>
     <span class='ocr_line' id='line_1_4' title="bbox 220 390 1573 448; baseline 0.006 -18"><span class='ocrx_word' id='word_1_21' title='bbox 220 391 388 432; x_wconf 87' lang='lat' dir='ltr'>dirutae</span> <span class='ocrx_word' id='word_1_22' title='bbox 427 391 589 448; x_wconf 89' lang='lat' dir='ltr'>species</span> <span class='ocrx_word' id='word_1_23' title='bbox 625 390 1031 446; x_wconf 79' lang='lat' dir='ltr'><strong>repraesentabatur</strong></span> <span class='ocrx_word' id='word_1_24' title='bbox 1069 393 1234 434; x_wconf 87' lang='lat' dir='ltr'>animis.</span> <span class='ocrx_word' id='word_1_25' title='bbox 1293 395 1386 436; x_wconf 90' lang='lat' dir='ltr'>Iam</span> <span class='ocrx_word' id='word_1_26' title='bbox 1419 395 1573 438; x_wconf 88' lang='lat' dir='ltr'>Grani—</span> 
     </span>
     <span class='ocr_line' id='line_1_5' title="bbox 219 462 1573 523; baseline 0.006 -21"><span class='ocrx_word' id='word_1_27' title='bbox 219 477 322 502; x_wconf 86' lang='lat' dir='ltr'>cum</span> <span class='ocrx_word' id='word_1_28' title='bbox 353 477 543 510; x_wconf 82' lang='lat' dir='ltr'>amnem,</span> <span class='ocrx_word' id='word_1_29' title='bbox 583 462 669 502; x_wconf 89' lang='lat' dir='ltr'>iam</span> <span class='ocrx_word' id='word_1_30' title='bbox 711 470 777 502; x_wconf 86' lang='lat' dir='ltr'>tot</span> <span class='ocrx_word' id='word_1_31' title='bbox 814 462 956 513; x_wconf 90' lang='lat' dir='ltr'>urbes,</span> <span class='ocrx_word' id='word_1_32' title='bbox 995 472 1069 506; x_wconf 88' lang='lat' dir='ltr'>aut</span> <span class='ocrx_word' id='word_1_33' title='bbox 1110 473 1385 523; x_wconf 80' lang='lat' dir='ltr'>expugnatas,</span> <span class='ocrx_word' id='word_1_34' title='bbox 1424 475 1500 509; x_wconf 85' lang='lat' dir='ltr'>aut</span> <span class='ocrx_word' id='word_1_35' title='bbox 1528 470 1573 511; x_wconf 91' lang='lat' dir='ltr'>in</span> 
     </span>
     <span class='ocr_line' id='line_1_6' title="bbox 216 532 1572 595; baseline 0.004 -20"><span class='ocrx_word' id='word_1_36' title='bbox 216 533 350 576; x_wconf 82' lang='lat' dir='ltr'>fidem</span> <span class='ocrx_word' id='word_1_37' title='bbox 399 542 619 590; x_wconf 82' lang='lat' dir='ltr'>acceptas,</span> <span class='ocrx_word' id='word_1_38' title='bbox 667 532 924 589; x_wconf 81' lang='lat' dir='ltr'>omniaque,</span> <span class='ocrx_word' id='word_1_39' title='bbox 965 551 1076 592; x_wconf 89' lang='lat' dir='ltr'>quae</span> <span class='ocrx_word' id='word_1_40' title='bbox 1111 546 1211 594; x_wconf 84' lang='lat' dir='ltr'>post</span> <span class='ocrx_word' id='word_1_41' title='bbox 1239 546 1409 595; x_wconf 79' lang='lat' dir='ltr'>tergum</span> <span class='ocrx_word' id='word_1_42' title='bbox 1435 547 1572 589; x_wconf 87' lang='lat' dir='ltr'>erant,</span> 
     </span>
     <span class='ocr_line' id='line_1_7' title="bbox 217 605 1622 662; baseline 0.005 -16"><span class='ocrx_word' id='word_1_43' title='bbox 217 613 363 656; x_wconf 83' lang='lat' dir='ltr'>strata,</span> <span class='ocrx_word' id='word_1_44' title='bbox 391 605 641 662; x_wconf 85' lang='lat' dir='ltr'>etpedibus</span> <span class='ocrx_word' id='word_1_45' title='bbox 671 605 869 661; x_wconf 88' lang='lat' dir='ltr'>ipsorum</span> <span class='ocrx_word' id='word_1_46' title='bbox 897 607 1087 651; x_wconf 87' lang='lat' dir='ltr'>subiecta</span> <span class='ocrx_word' id='word_1_47' title='bbox 1120 611 1408 652; x_wconf 88' lang='lat' dir='ltr'>memorabat.</span> <span class='ocrx_word' id='word_1_48' title='bbox 1455 610 1570 653; x_wconf 88' lang='lat' dir='ltr'>Cum</span> <span class='ocrx_word' id='word_1_49' title='bbox 1604 627 1622 653; x_wconf 73' lang='lat' dir='ltr'>s</span> 
     </span>
     <span class='ocr_line' id='line_1_8' title="bbox 216 677 1570 737; baseline 0.004 -18"><span class='ocrx_word' id='word_1_50' title='bbox 216 678 383 720; x_wconf 82' lang='lat' dir='ltr'>adierat</span> <span class='ocrx_word' id='word_1_51' title='bbox 423 677 631 727; x_wconf 84' lang='lat' dir='ltr'>Graecos,</span> <span class='ocrx_word' id='word_1_52' title='bbox 671 677 953 726; x_wconf 87' lang='lat' dir='ltr'>admonebat,</span> <span class='ocrx_word' id='word_1_53' title='bbox 991 683 1044 721; x_wconf 86' lang='lat' dir='ltr'>ab</span> <span class='ocrx_word' id='word_1_54' title='bbox 1085 681 1149 722; x_wconf 79' lang='lat' dir='ltr'>liis</span> <span class='ocrx_word' id='word_1_55' title='bbox 1180 687 1191 706; x_wconf 89' lang='lat'>¹</span> <span class='ocrx_word' id='word_1_56' title='bbox 1230 683 1429 737; x_wconf 73' lang='lat' dir='ltr'>gentibus</span> <span class='ocrx_word' id='word_1_57' title='bbox 1458 683 1570 724; x_wconf 86' lang='lat' dir='ltr'>illata</span> 
     </span>
     <span class='ocr_line' id='line_1_9' title="bbox 215 748 1570 805; baseline 0.004 -14"><span class='ocrx_word' id='word_1_58' title='bbox 215 748 428 791; x_wconf 83' lang='lat' dir='ltr'><strong>Graeciae</strong></span> <span class='ocrx_word' id='word_1_59' title='bbox 471 749 579 790; x_wconf 87' lang='lat' dir='ltr'>bella</span> <span class='ocrx_word' id='word_1_60' title='bbox 623 749 755 790; x_wconf 86' lang='lat' dir='ltr'>Darei</span> <span class='ocrx_word' id='word_1_61' title='bbox 791 749 922 805; x_wconf 88' lang='lat' dir='ltr'>prius,</span> <span class='ocrx_word' id='word_1_62' title='bbox 955 750 1111 793; x_wconf 89' lang='lat' dir='ltr'>deinde</span> <span class='ocrx_word' id='word_1_63' title='bbox 1148 754 1294 795; x_wconf 78' lang='lat' dir='ltr'><strong>Xerxis</strong></span> <span class='ocrx_word' id='word_1_64' title='bbox 1331 754 1570 802; x_wconf 72' lang='lat' dir='ltr'>insolentia,</span> 
     </span>
     <span class='ocr_line' id='line_1_10' title="bbox 215 822 1570 882; baseline 0.004 -20"><span class='ocrx_word' id='word_1_65' title='bbox 215 837 373 878; x_wconf 87' lang='lat' dir='ltr'>aquam</span> <span class='ocrx_word' id='word_1_66' title='bbox 400 822 537 878; x_wconf 83' lang='lat' dir='ltr'>ipsam</span> <span class='ocrx_word' id='word_1_67' title='bbox 567 828 819 878; x_wconf 86' lang='lat' dir='ltr'>terramque</span> <span class='ocrx_word' id='word_1_68' title='bbox 849 823 1150 877; x_wconf 88' lang='lat' dir='ltr'>poscentium:</span> <span class='ocrx_word' id='word_1_69' title='bbox 1176 827 1195 848; x_wconf 86' lang='lat'>²</span> <span class='ocrx_word' id='word_1_70' title='bbox 1227 832 1275 865; x_wconf 90' lang='lat' dir='ltr'>ut</span> <span class='ocrx_word' id='word_1_71' title='bbox 1303 841 1445 882; x_wconf 90' lang='lat' dir='ltr'>neque</span> <span class='ocrx_word' id='word_1_72' title='bbox 1475 826 1570 867; x_wconf 76' lang='lat' dir='ltr'>fon-</span> 
     </span>
     <span class='ocr_line' id='line_1_11' title="bbox 212 892 1568 953; baseline 0.002 -19"><span class='ocrx_word' id='word_1_73' title='bbox 212 894 324 934; x_wconf 84' lang='lat' dir='ltr'>tium</span> <span class='ocrx_word' id='word_1_74' title='bbox 364 893 583 941; x_wconf 76' lang='lat' dir='ltr'>haustum,</span> <span class='ocrx_word' id='word_1_75' title='bbox 620 908 702 935; x_wconf 90' lang='lat' dir='ltr'>nec</span> <span class='ocrx_word' id='word_1_76' title='bbox 738 892 886 933; x_wconf 85' lang='lat' dir='ltr'>solitos</span> <span class='ocrx_word' id='word_1_77' title='bbox 922 893 1043 934; x_wconf 88' lang='lat' dir='ltr'>cibos</span> <span class='ocrx_word' id='word_1_78' title='bbox 1081 895 1376 953; x_wconf 84' lang='lat' dir='ltr'><strong>relinquerent</strong></span> <span class='ocrx_word' id='word_1_79' title='bbox 1403 897 1568 938; x_wconf 87' lang='lat' dir='ltr'>deditis.</span> 
     </span>
     <span class='ocr_line' id='line_1_12' title="bbox 212 964 1621 1022; baseline 0.001 -15"><span class='ocrx_word' id='word_1_80' title='bbox 212 966 281 1007; x_wconf 79' lang='lat' dir='ltr'>Ab</span> <span class='ocrx_word' id='word_1_81' title='bbox 311 964 415 1007; x_wconf 84' lang='lat' dir='ltr'>his³</span> <span class='ocrx_word' id='word_1_82' title='bbox 459 965 622 1021; x_wconf 85' lang='lat' dir='ltr'>templa</span> <span class='ocrx_word' id='word_1_83' title='bbox 663 964 798 1004; x_wconf 91' lang='lat' dir='ltr'>ruinis</span> <span class='ocrx_word' id='word_1_84' title='bbox 843 971 886 1004; x_wconf 90' lang='lat' dir='ltr'>et</span> <span class='ocrx_word' id='word_1_85' title='bbox 914 965 1082 1022; x_wconf 76' lang='lat' dir='ltr'>ignibus</span> <span class='ocrx_word' id='word_1_86' title='bbox 1123 982 1211 1007; x_wconf 90' lang='lat' dir='ltr'>esse</span> <span class='ocrx_word' id='word_1_87' title='bbox 1251 967 1401 1016; x_wconf 87' lang='lat' dir='ltr'>deleta,</span> <span class='ocrx_word' id='word_1_88' title='bbox 1441 968 1570 1009; x_wconf 83' lang='lat' dir='ltr'>urbes</span> <span class='ocrx_word' id='word_1_89' title='bbox 1602 989 1621 1017; x_wconf 82' lang='lat'>9</span> 
     </span>
     <span class='ocr_line' id='line_1_13' title="bbox 213 1036 1571 1095; baseline 0.001 -15"><span class='ocrx_word' id='word_1_90' title='bbox 213 1052 368 1080; x_wconf 90' lang='lat' dir='ltr'>eorum</span> <span class='ocrx_word' id='word_1_91' title='bbox 399 1043 678 1094; x_wconf 82' lang='lat' dir='ltr'>expugnatas,</span> <span class='ocrx_word' id='word_1_92' title='bbox 722 1036 901 1077; x_wconf 84' lang='lat' dir='ltr'>foedera</span> <span class='ocrx_word' id='word_1_93' title='bbox 949 1037 1080 1078; x_wconf 86' lang='lat' dir='ltr'>divini</span> <span class='ocrx_word' id='word_1_94' title='bbox 1117 1038 1427 1095; x_wconf 73' lang='lat' dir='ltr'>humanique4</span> <span class='ocrx_word' id='word_1_95' title='bbox 1467 1040 1571 1082; x_wconf 86' lang='lat' dir='ltr'>iuris</span> 
     </span>
     <span class='ocr_line' id='line_1_14' title="bbox 210 1107 1566 1168; baseline 0.002 -18"><span class='ocrx_word' id='word_1_96' title='bbox 210 1109 381 1160; x_wconf 83' lang='lat' dir='ltr'>violata,</span> <span class='ocrx_word' id='word_1_97' title='bbox 407 1109 635 1151; x_wconf 77' lang='lat' dir='ltr'>referebat.</span> <span class='ocrx_word' id='word_1_98' title='bbox 706 1107 874 1164; x_wconf 85' lang='lat' dir='ltr'>Illyrios</span> <span class='ocrx_word' id='word_1_99' title='bbox 917 1124 1020 1150; x_wconf 92' lang='lat' dir='ltr'>vero</span> <span class='ocrx_word' id='word_1_100' title='bbox 1051 1116 1093 1150; x_wconf 92' lang='lat' dir='ltr'>et</span> <span class='ocrx_word' id='word_1_101' title='bbox 1119 1109 1322 1160; x_wconf 79' lang='lat' dir='ltr'><strong>Thracas,</strong></span> <span class='ocrx_word' id='word_1_102' title='bbox 1354 1119 1481 1168; x_wconf 85' lang='lat' dir='ltr'>rapto</span> <span class='ocrx_word' id='word_1_103' title='bbox 1508 1113 1566 1153; x_wconf 82' lang='lat' dir='ltr'>vi-</span> 
     </span>
     <span class='ocr_line' id='line_1_15' title="bbox 210 1179 1563 1239; baseline 0.002 -16"><span class='ocrx_word' id='word_1_104' title='bbox 210 1196 309 1224; x_wconf 86' lang='lat' dir='ltr'>vere</span> <span class='ocrx_word' id='word_1_105' title='bbox 345 1189 559 1228; x_wconf 89' lang='lat' dir='ltr'>assuetos,</span> <span class='ocrx_word' id='word_1_106' title='bbox 600 1181 740 1221; x_wconf 86' lang='lat' dir='ltr'>aciem</span> <span class='ocrx_word' id='word_1_107' title='bbox 779 1179 971 1221; x_wconf 86' lang='lat' dir='ltr'>hostium</span> <span class='ocrx_word' id='word_1_108' title='bbox 1008 1196 1114 1221; x_wconf 86' lang='lat' dir='ltr'>auro</span> <span class='ocrx_word' id='word_1_109' title='bbox 1156 1197 1436 1239; x_wconf 81' lang='lat' dir='ltr'>purpuraque</span> <span class='ocrx_word' id='word_1_110' title='bbox 1479 1184 1563 1226; x_wconf 84' lang='lat' dir='ltr'>ful-</span> 
     </span>
     <span class='ocr_line' id='line_1_16' title="bbox 208 1251 1564 1311; baseline 0.002 -16"><span class='ocrx_word' id='word_1_111' title='bbox 208 1261 385 1310; x_wconf 81' lang='lat' dir='ltr'>gentem</span> <span class='ocrx_word' id='word_1_112' title='bbox 424 1251 582 1294; x_wconf 86' lang='lat' dir='ltr'>intueri</span> <span class='ocrx_word' id='word_1_113' title='bbox 626 1251 817 1301; x_wconf 88' lang='lat' dir='ltr'>iubebat,</span> <span class='ocrx_word' id='word_1_114' title='bbox 857 1252 1079 1308; x_wconf 82' lang='lat' dir='ltr'>praedam,</span> <span class='ocrx_word' id='word_1_115' title='bbox 1121 1268 1211 1293; x_wconf 88' lang='lat' dir='ltr'>non</span> <span class='ocrx_word' id='word_1_116' title='bbox 1248 1268 1369 1295; x_wconf 86' lang='lat' dir='ltr'>arma</span> <span class='ocrx_word' id='word_1_117' title='bbox 1398 1263 1564 1311; x_wconf 79' lang='lat' dir='ltr'>gestan-</span> 
     </span>
     <span class='ocr_line' id='line_1_17' title="bbox 208 1323 1628 1384; baseline 0.002 -20"><span class='ocrx_word' id='word_1_118' title='bbox 208 1332 314 1368; x_wconf 89' lang='lat' dir='ltr'>tem.</span> <span class='ocrx_word' id='word_1_119' title='bbox 383 1325 516 1369; x_wconf 89' lang='lat' dir='ltr'>Irent,</span> <span class='ocrx_word' id='word_1_120' title='bbox 561 1331 603 1364; x_wconf 86' lang='lat' dir='ltr'>et</span> <span class='ocrx_word' id='word_1_121' title='bbox 640 1323 886 1365; x_wconf 85' lang='lat' dir='ltr'>imbellibus</span> <span class='ocrx_word' id='word_1_122' title='bbox 924 1324 1096 1366; x_wconf 80' lang='lat' dir='ltr'>feminis</span> <span class='ocrx_word' id='word_1_123' title='bbox 1135 1339 1291 1365; x_wconf 90' lang='lat' dir='ltr'>aurum</span> <span class='ocrx_word' id='word_1_124' title='bbox 1320 1325 1399 1366; x_wconf 89' lang='lat' dir='ltr'>viri</span> <span class='ocrx_word' id='word_1_125' title='bbox 1431 1327 1628 1384; x_wconf 85' lang='lat' dir='ltr'>eripe-10</span> 
     </span>
     <span class='ocr_line' id='line_1_18' title="bbox 208 1395 1566 1453; baseline 0.003 -17"><span class='ocrx_word' id='word_1_126' title='bbox 208 1403 318 1438; x_wconf 88' lang='lat' dir='ltr'>rent.</span> <span class='ocrx_word' id='word_1_127' title='bbox 374 1397 540 1452; x_wconf 88' lang='lat' dir='ltr'>Aspera</span> <span class='ocrx_word' id='word_1_128' title='bbox 578 1395 802 1437; x_wconf 82' lang='lat' dir='ltr'>montium</span> <span class='ocrx_word' id='word_1_129' title='bbox 830 1411 1011 1436; x_wconf 91' lang='lat' dir='ltr'>suorum</span> <span class='ocrx_word' id='word_1_130' title='bbox 1039 1397 1147 1451; x_wconf 69' lang='lat' dir='ltr'>iuga,</span> <span class='ocrx_word' id='word_1_131' title='bbox 1181 1396 1404 1453; x_wconf 89' lang='lat' dir='ltr'>nudasque</span> <span class='ocrx_word' id='word_1_132' title='bbox 1433 1401 1448 1426; x_wconf 79' lang='lat'>5</span> <span class='ocrx_word' id='word_1_133' title='bbox 1484 1400 1566 1440; x_wconf 87' lang='lat' dir='ltr'>cal-</span> 
     </span>
     <span class='ocr_line' id='line_1_19' title="bbox 207 1467 1565 1524; baseline 0.003 -15"><span class='ocrx_word' id='word_1_134' title='bbox 207 1467 281 1516; x_wconf 87' lang='lat' dir='ltr'>les,</span> <span class='ocrx_word' id='word_1_135' title='bbox 313 1474 357 1510; x_wconf 90' lang='lat' dir='ltr'>et</span> <span class='ocrx_word' id='word_1_136' title='bbox 386 1474 602 1524; x_wconf 84' lang='lat' dir='ltr'>perpetuo</span> <span class='ocrx_word' id='word_1_137' title='bbox 637 1468 822 1524; x_wconf 78' lang='lat' dir='ltr'>rigentes</span> <span class='ocrx_word' id='word_1_138' title='bbox 859 1467 969 1523; x_wconf 81' lang='lat' dir='ltr'>gelu,</span> <span class='ocrx_word' id='word_1_139' title='bbox 1006 1468 1165 1510; x_wconf 80' lang='lat' dir='ltr'>ditibus</span> <span class='ocrx_word' id='word_1_140' title='bbox 1191 1469 1421 1511; x_wconf 85' lang='lat' dir='ltr'>Persarum</span> <span class='ocrx_word' id='word_1_141' title='bbox 1448 1486 1565 1513; x_wconf 91' lang='lat' dir='ltr'>cam-</span> 
     </span>
     <span class='ocr_line' id='line_1_20' title="bbox 207 1540 761 1597; baseline -0.005 -16"><span class='ocrx_word' id='word_1_142' title='bbox 207 1540 274 1597; x_wconf 87' lang='lat' dir='ltr'>pis</span> <span class='ocrx_word' id='word_1_143' title='bbox 302 1540 498 1597; x_wconf 76' lang='lat' dir='ltr'>agrisque</span> <span class='ocrx_word' id='word_1_144' title='bbox 526 1546 761 1580; x_wconf 89' lang='lat' dir='ltr'>mutarent.</span> 
     </span>
    </p>

    <p class='ocr_par' dir='ltr' id='par_1_3' title="bbox 142 1611 1624 2576">
     <span class='ocr_line' id='line_1_21' title="bbox 142 1611 1624 1667; baseline 0.004 -14"><span class='ocrx_word' id='word_1_145' title='bbox 142 1618 198 1659; x_wconf 83' lang='lat'>26</span> <span class='ocrx_word' id='word_1_146' title='bbox 291 1613 384 1655; x_wconf 88' lang='lat' dir='ltr'>Iam</span> <span class='ocrx_word' id='word_1_147' title='bbox 424 1613 479 1656; x_wconf 83' lang='lat' dir='ltr'>ad</span> <span class='ocrx_word' id='word_1_148' title='bbox 517 1612 589 1653; x_wconf 89' lang='lat' dir='ltr'>teli</span> <span class='ocrx_word' id='word_1_149' title='bbox 634 1611 800 1651; x_wconf 82' lang='lat' dir='ltr'>iactum</span> <span class='ocrx_word' id='word_1_150' title='bbox 838 1619 1148 1667; x_wconf 82' lang='lat' dir='ltr'>pervenerant,</span> <span class='ocrx_word' id='word_1_151' title='bbox 1200 1627 1301 1653; x_wconf 91' lang='lat' dir='ltr'>cum</span> <span class='ocrx_word' id='word_1_152' title='bbox 1330 1614 1624 1660; x_wconf 77' lang='lat' dir='ltr'>Persarumxi.</span> 
     </span>
     <span class='ocr_line' id='line_1_22' title="bbox 206 1681 1559 1741; baseline 0.001 -15"><span class='ocrx_word' id='word_1_153' title='bbox 206 1684 372 1741; x_wconf 86' lang='lat' dir='ltr'>equites</span> <span class='ocrx_word' id='word_1_154' title='bbox 423 1683 633 1726; x_wconf 86' lang='lat' dir='ltr'>ferociter</span> <span class='ocrx_word' id='word_1_155' title='bbox 685 1682 729 1723; x_wconf 91' lang='lat' dir='ltr'>in</span> <span class='ocrx_word' id='word_1_156' title='bbox 775 1681 947 1722; x_wconf 85' lang='lat' dir='ltr'>laevum</span> <span class='ocrx_word' id='word_1_157' title='bbox 997 1698 1134 1724; x_wconf 92' lang='lat' dir='ltr'>cornu</span> <span class='ocrx_word' id='word_1_158' title='bbox 1175 1682 1368 1725; x_wconf 87' lang='lat' dir='ltr'>hostium</span> <span class='ocrx_word' id='word_1_159' title='bbox 1403 1686 1559 1728; x_wconf 85' lang='lat' dir='ltr'>invecti</span> 
     </span>
     <span class='ocr_line' id='line_1_23' title="bbox 205 1754 1560 1814; baseline 0.001 -16"><span class='ocrx_word' id='word_1_160' title='bbox 205 1765 327 1800; x_wconf 80' lang='lat' dir='ltr'>sunt:</span> <span class='ocrx_word' id='word_1_161' title='bbox 356 1755 519 1813; x_wconf 88' lang='lat' dir='ltr'>quippe</span> <span class='ocrx_word' id='word_1_162' title='bbox 547 1755 716 1796; x_wconf 82' lang='lat' dir='ltr'>Dareus</span> <span class='ocrx_word' id='word_1_163' title='bbox 751 1754 938 1810; x_wconf 88' lang='lat' dir='ltr'>equestri</span> <span class='ocrx_word' id='word_1_164' title='bbox 979 1754 1144 1809; x_wconf 89' lang='lat' dir='ltr'>proelio</span> <span class='ocrx_word' id='word_1_165' title='bbox 1175 1756 1409 1798; x_wconf 86' lang='lat' dir='ltr'>decernere</span> <span class='ocrx_word' id='word_1_166' title='bbox 1438 1766 1560 1814; x_wconf 81' lang='lat' dir='ltr'>opta-</span> 
     </span>
     <span class='ocr_line' id='line_1_24' title="bbox 204 1825 1559 1885; baseline 0.001 -14"><span class='ocrx_word' id='word_1_167' title='bbox 204 1831 294 1877; x_wconf 83' lang='lat' dir='ltr'>bat,</span> <span class='ocrx_word' id='word_1_168' title='bbox 321 1828 581 1885; x_wconf 80' lang='lat' dir='ltr'>phalangem</span> <span class='ocrx_word' id='word_1_169' title='bbox 612 1825 889 1868; x_wconf 90' lang='lat' dir='ltr'>Macedonici</span> <span class='ocrx_word' id='word_1_170' title='bbox 921 1826 1131 1867; x_wconf 84' lang='lat' dir='ltr'>exercitus</span> <span class='ocrx_word' id='word_1_171' title='bbox 1162 1827 1299 1869; x_wconf 84' lang='lat' dir='ltr'>robur</span> <span class='ocrx_word' id='word_1_172' title='bbox 1335 1844 1423 1870; x_wconf 83' lang='lat' dir='ltr'>esse</span> <span class='ocrx_word' id='word_1_173' title='bbox 1457 1846 1559 1872; x_wconf 91' lang='lat' dir='ltr'>con-</span> 
     </span>
     <span class='ocr_line' id='line_1_25' title="bbox 203 1898 1559 1956; baseline 0.001 -13"><span class='ocrx_word' id='word_1_174' title='bbox 203 1902 378 1944; x_wconf 86' lang='lat' dir='ltr'>iectans.</span> <span class='ocrx_word' id='word_1_175' title='bbox 444 1900 624 1956; x_wconf 88' lang='lat' dir='ltr'>Iamque</span> <span class='ocrx_word' id='word_1_176' title='bbox 655 1899 787 1940; x_wconf 90' lang='lat' dir='ltr'>etiam</span> <span class='ocrx_word' id='word_1_177' title='bbox 820 1898 1020 1938; x_wconf 84' lang='lat' dir='ltr'>dextrum</span> <span class='ocrx_word' id='word_1_178' title='bbox 1049 1898 1280 1942; x_wconf 87' lang='lat' dir='ltr'>Alexandri</span> <span class='ocrx_word' id='word_1_179' title='bbox 1311 1916 1449 1942; x_wconf 88' lang='lat' dir='ltr'>cornu</span> <span class='ocrx_word' id='word_1_180' title='bbox 1480 1904 1559 1944; x_wconf 88' lang='lat' dir='ltr'>cir-</span> 
     </span>
     <span class='ocr_line' id='line_1_26' title="bbox 205 1968 1606 2025; baseline 0 -9"><span class='ocrx_word' id='word_1_181' title='bbox 205 1973 464 2017; x_wconf 88' lang='lat' dir='ltr'>cumibatur.</span> <span class='ocrx_word' id='word_1_182' title='bbox 529 1968 663 2025; x_wconf 81' lang='lat' dir='ltr'>Quod</span> <span class='ocrx_word' id='word_1_183' title='bbox 694 1968 767 2011; x_wconf 88' lang='lat' dir='ltr'>ubi</span> <span class='ocrx_word' id='word_1_184' title='bbox 795 1969 984 2012; x_wconf 89' lang='lat' dir='ltr'>Macedo</span> <span class='ocrx_word' id='word_1_185' title='bbox 1015 1971 1249 2025; x_wconf 77' lang='lat' dir='ltr'>conspexit,</span> <span class='ocrx_word' id='word_1_186' title='bbox 1281 1972 1449 2015; x_wconf 84' lang='lat' dir='ltr'>duabus</span> <span class='ocrx_word' id='word_1_187' title='bbox 1480 1975 1554 2016; x_wconf 86' lang='lat' dir='ltr'>alis</span> <span class='ocrx_word' id='word_1_188' title='bbox 1587 1995 1606 2017; x_wconf 80' lang='lat'><strong>2</strong></span> 
     </span>
     <span class='ocr_line' id='line_1_27' title="bbox 204 2041 1556 2105; baseline -0.003 -18"><span class='ocrx_word' id='word_1_189' title='bbox 204 2047 402 2105; x_wconf 84' lang='lat' dir='ltr'>equitum</span> <span class='ocrx_word' id='word_1_190' title='bbox 431 2044 484 2085; x_wconf 91' lang='lat' dir='ltr'>ad</span> <span class='ocrx_word' id='word_1_191' title='bbox 514 2043 664 2098; x_wconf 79' lang='lat' dir='ltr'>iugum</span> <span class='ocrx_word' id='word_1_192' title='bbox 698 2042 861 2085; x_wconf 88' lang='lat' dir='ltr'>montis</span> <span class='ocrx_word' id='word_1_193' title='bbox 891 2042 1011 2084; x_wconf 84' lang='lat' dir='ltr'>iussis</span> <span class='ocrx_word' id='word_1_194' title='bbox 1039 2041 1281 2094; x_wconf 81' lang='lat' dir='ltr'>subsistere,</span> <span class='ocrx_word' id='word_1_195' title='bbox 1312 2052 1481 2088; x_wconf 82' lang='lat' dir='ltr'>ceteros</span> <span class='ocrx_word' id='word_1_196' title='bbox 1511 2047 1556 2090; x_wconf 81' lang='lat' dir='ltr'>in</span> 
     </span>
     <span class='ocr_line' id='line_1_28' title="bbox 202 2113 1601 2160; baseline 0 0"><span class='ocrx_word' id='word_1_197' title='bbox 202 2119 401 2160; x_wconf 88' lang='lat' dir='ltr'>medium</span> <span class='ocrx_word' id='word_1_198' title='bbox 435 2114 534 2157; x_wconf 90' lang='lat' dir='ltr'>belli</span> <span class='ocrx_word' id='word_1_199' title='bbox 575 2113 808 2156; x_wconf 88' lang='lat' dir='ltr'>discrimen</span> <span class='ocrx_word' id='word_1_200' title='bbox 835 2121 1008 2155; x_wconf 89' lang='lat' dir='ltr'>strenue</span> <span class='ocrx_word' id='word_1_201' title='bbox 1040 2114 1257 2157; x_wconf 84' lang='lat' dir='ltr'>transfert.</span> <span class='ocrx_word' id='word_1_202' title='bbox 1315 2117 1551 2160; x_wconf 85' lang='lat' dir='ltr'>Subductis</span> <span class='ocrx_word' id='word_1_203' title='bbox 1584 2132 1601 2160; x_wconf 81' lang='lat'>3</span> 
     </span>
     <span class='ocr_line' id='line_1_29' title="bbox 200 2185 1553 2243; baseline -0.001 -11"><span class='ocrx_word' id='word_1_204' title='bbox 200 2190 359 2232; x_wconf 86' lang='lat' dir='ltr'>deinde</span> <span class='ocrx_word' id='word_1_205' title='bbox 390 2205 440 2230; x_wconf 84' lang='lat' dir='ltr'>ex</span> <span class='ocrx_word' id='word_1_206' title='bbox 464 2187 555 2229; x_wconf 89' lang='lat' dir='ltr'>acie</span> <span class='ocrx_word' id='word_1_207' title='bbox 588 2185 801 2227; x_wconf 88' lang='lat' dir='ltr'>Thessalis</span> <span class='ocrx_word' id='word_1_208' title='bbox 841 2186 1068 2242; x_wconf 88' lang='lat' dir='ltr'>equitibus,</span> <span class='ocrx_word' id='word_1_209' title='bbox 1098 2187 1369 2243; x_wconf 82' lang='lat' dir='ltr'>praefectum</span> <span class='ocrx_word' id='word_1_210' title='bbox 1400 2204 1553 2235; x_wconf 81' lang='lat' dir='ltr'>eorum</span> 
     </span>
     <span class='ocr_line' id='line_1_30' title="bbox 200 2257 1556 2314; baseline 0 -12"><span class='ocrx_word' id='word_1_211' title='bbox 200 2261 372 2307; x_wconf 81' lang='lat' dir='ltr'>occulte</span> <span class='ocrx_word' id='word_1_212' title='bbox 410 2257 642 2301; x_wconf 88' lang='lat' dir='ltr'>circumire</span> <span class='ocrx_word' id='word_1_213' title='bbox 685 2264 856 2314; x_wconf 77' lang='lat' dir='ltr'>tergum</span> <span class='ocrx_word' id='word_1_214' title='bbox 886 2273 1066 2300; x_wconf 89' lang='lat' dir='ltr'>suorum</span> <span class='ocrx_word' id='word_1_215' title='bbox 1096 2260 1226 2308; x_wconf 83' lang='lat' dir='ltr'>iubet,</span> <span class='ocrx_word' id='word_1_216' title='bbox 1260 2260 1556 2304; x_wconf 80' lang='lat' dir='ltr'>Parmenioni-</span> 
     </span>
     <span class='ocr_line' id='line_1_31' title="bbox 200 2330 1550 2391; baseline 0 -17"><span class='ocrx_word' id='word_1_217' title='bbox 200 2349 286 2391; x_wconf 87' lang='lat' dir='ltr'>que</span> <span class='ocrx_word' id='word_1_218' title='bbox 322 2330 539 2384; x_wconf 77' lang='lat' dir='ltr'>coniungi,</span> <span class='ocrx_word' id='word_1_219' title='bbox 578 2337 623 2370; x_wconf 87' lang='lat' dir='ltr'>et</span> <span class='ocrx_word' id='word_1_220' title='bbox 657 2330 775 2386; x_wconf 87' lang='lat' dir='ltr'>quod</span> <span class='ocrx_word' id='word_1_221' title='bbox 811 2330 845 2370; x_wconf 90' lang='lat' dir='ltr'>is</span> <span class='ocrx_word' id='word_1_222' title='bbox 877 2330 1143 2387; x_wconf 87' lang='lat' dir='ltr'>imperasset,</span> <span class='ocrx_word' id='word_1_223' title='bbox 1175 2332 1356 2388; x_wconf 74' lang='lat' dir='ltr'>impigre</span> <span class='ocrx_word' id='word_1_224' title='bbox 1386 2334 1550 2389; x_wconf 85' lang='lat' dir='ltr'>exequi.</span> 
     </span>
     <span class='ocr_line' id='line_1_32' title="bbox 199 2401 1600 2461; baseline 0.001 -16"><span class='ocrx_word' id='word_1_225' title='bbox 199 2408 380 2461; x_wconf 90' lang='lat' dir='ltr'>Iamque</span> <span class='ocrx_word' id='word_1_226' title='bbox 426 2401 506 2459; x_wconf 89' lang='lat' dir='ltr'>ipsi</span> <span class='ocrx_word' id='word_1_227' title='bbox 547 2402 592 2442; x_wconf 89' lang='lat' dir='ltr'>in</span> <span class='ocrx_word' id='word_1_228' title='bbox 628 2402 825 2443; x_wconf 88' lang='lat' dir='ltr'>medium</span> <span class='ocrx_word' id='word_1_229' title='bbox 868 2403 1097 2444; x_wconf 82' lang='lat' dir='ltr'>Persarum</span> <span class='ocrx_word' id='word_1_230' title='bbox 1135 2404 1327 2460; x_wconf 89' lang='lat' dir='ltr'>undique</span> <span class='ocrx_word' id='word_1_231' title='bbox 1365 2404 1550 2446; x_wconf 89' lang='lat' dir='ltr'>circum·</span> <span class='ocrx_word' id='word_1_232' title='bbox 1578 2427 1600 2450; x_wconf 76' lang='lat'>4</span> 
     </span>
     <span class='ocr_line' id='line_1_33' title="bbox 199 2507 1544 2576; baseline 0 -11"><span class='ocrx_word' id='word_1_233' title='bbox 199 2531 218 2557; x_wconf 80' lang='lat'>1</span> <span class='ocrx_word' id='word_1_234' title='bbox 242 2530 301 2565; x_wconf 79' lang='lat' dir='ltr'>iis.</span> <span class='ocrx_word' id='word_1_235' title='bbox 400 2507 406 2516; x_wconf 69' lang='lat'><strong>·</strong></span> <span class='ocrx_word' id='word_1_236' title='bbox 501 2529 522 2555; x_wconf 82' lang='lat'>2</span> <span class='ocrx_word' id='word_1_237' title='bbox 546 2530 835 2576; x_wconf 78' lang='lat' dir='ltr'>postulantium.</span> <span class='ocrx_word' id='word_1_238' title='bbox 1043 2530 1063 2559; x_wconf 85' lang='grc'><em>3</em></span> <span class='ocrx_word' id='word_1_239' title='bbox 1089 2532 1150 2565; x_wconf 83' lang='lat' dir='ltr'>De</span> <span class='ocrx_word' id='word_1_240' title='bbox 1166 2533 1410 2565; x_wconf 79' lang='lat' dir='ltr'>coniectura:</span> <span class='ocrx_word' id='word_1_241' title='bbox 1437 2530 1544 2565; x_wconf 81' lang='lat' dir='ltr'>codd.</span> 
     </span>
    </p>
   </div>
   <div class='ocr_carea' id='block_1_3' title="bbox 288 2583 1547 2686">
    <p class='ocr_par' dir='ltr' id='par_1_4' title="bbox 288 2583 1547 2686">
     <span class='ocr_line' id='line_1_34' title="bbox 288 2583 1547 2631; baseline 0 -13"><span class='ocrx_word' id='word_1_242' title='bbox 288 2584 520 2631; x_wconf 79' lang='lat' dir='ltr'>relinqueret</span> <span class='ocrx_word' id='word_1_243' title='bbox 545 2584 673 2620; x_wconf 83' lang='lat' dir='ltr'>dedita</span> <span class='ocrx_word' id='word_1_244' title='bbox 692 2584 743 2617; x_wconf 86' lang='lat' dir='ltr'>eis</span> <span class='ocrx_word' id='word_1_245' title='bbox 771 2584 925 2630; x_wconf 66' lang='lat' dir='ltr'>templa.</span> <span class='ocrx_word' id='word_1_246' title='bbox 981 2583 1106 2629; x_wconf 73' lang='lat' dir='ltr'>Vulgo</span> <span class='ocrx_word' id='word_1_247' title='bbox 1131 2585 1402 2631; x_wconf 81' lang='lat' dir='ltr'>relinquerent.</span> <span class='ocrx_word' id='word_1_248' title='bbox 1444 2585 1547 2618; x_wconf 84' lang='lat' dir='ltr'>Dein</span> 
     </span>
     <span class='ocr_line' id='line_1_35' title="bbox 289 2637 1546 2686; baseline 0.001 -14"><span class='ocrx_word' id='word_1_249' title='bbox 289 2638 402 2672; x_wconf 81' lang='lat' dir='ltr'>deum</span> <span class='ocrx_word' id='word_1_250' title='bbox 424 2638 578 2685; x_wconf 78' lang='lat' dir='ltr'>templa.</span> <span class='ocrx_word' id='word_1_251' title='bbox 719 2639 741 2670; x_wconf 82' lang='lat'>4</span> <span class='ocrx_word' id='word_1_252' title='bbox 767 2637 926 2672; x_wconf 79' lang='lat' dir='ltr'>humaui</span> <span class='ocrx_word' id='word_1_253' title='bbox 950 2638 1162 2683; x_wconf 86' lang='lat' dir='ltr'>divinique.</span> <span class='ocrx_word' id='word_1_254' title='bbox 1299 2641 1319 2669; x_wconf 80' lang='lat'>⁵</span> <span class='ocrx_word' id='word_1_255' title='bbox 1336 2640 1546 2686; x_wconf 83' lang='lat' dir='ltr'>nudosque.</span> 
     </span>
    </p>
   </div>
  </div>
 </body>
</html>
