<?xml version="1.0" encoding="UTF-8"?>
<!DOCTYPE html PUBLIC "-//W3C//DTD XHTML 1.0 Transitional//EN"
    "http://www.w3.org/TR/xhtml1/DTD/xhtml1-transitional.dtd">
<html xmlns="http://www.w3.org/1999/xhtml" xml:lang="en" lang="en">
 <head>
  <title>
</title>
<meta http-equiv="Content-Type" content="text/html;charset=utf-8" />
  <meta name='ocr-system' content='tesseract 3.04.00' />
  <meta name='ocr-capabilities' content='ocr_page ocr_carea ocr_par ocr_line ocrx_word'/>
</head>
<body>
  <div class='ocr_page' id='page_1' title='image "./degestisalexandr00curtuoft_0313.png"; bbox 0 0 1703 2961; ppageno 0'>
   <div class='ocr_carea' id='block_1_1' title="bbox 415 107 1461 160">
    <p class='ocr_par' dir='ltr' id='par_1_1' title="bbox 415 107 1461 160">
     <span class='ocr_line' id='line_1_1' title="bbox 415 107 1461 160; baseline 0 -8"><span class='ocrx_word' id='word_1_1' title='bbox 415 110 497 152; x_wconf 79' lang='lat' dir='ltr'>DE</span> <span class='ocrx_word' id='word_1_2' title='bbox 528 107 733 151; x_wconf 83' lang='lat' dir='ltr'>GESTIS</span> <span class='ocrx_word' id='word_1_3' title='bbox 764 108 930 150; x_wconf 86' lang='lat' dir='ltr'>ALEX.</span> <span class='ocrx_word' id='word_1_4' title='bbox 972 110 1085 160; x_wconf 81' lang='lat' dir='ltr'>vlu,</span> <span class='ocrx_word' id='word_1_5' title='bbox 1118 111 1154 152; x_wconf 86' lang='lat'>1.</span> <span class='ocrx_word' id='word_1_6' title='bbox 1381 109 1461 152; x_wconf 87' lang='lat'>249</span> 
     </span>
    </p>
   </div>
   <div class='ocr_carea' id='block_1_2' title="bbox 48 220 1474 2498">
    <p class='ocr_par' dir='ltr' id='par_1_2' title="bbox 48 220 1474 2498">
     <span class='ocr_line' id='line_1_2' title="bbox 108 220 1460 278; baseline 0 -14"><span class='ocrx_word' id='word_1_7' title='bbox 108 224 195 265; x_wconf 84' lang='lat' dir='ltr'>-dae</span> <span class='ocrx_word' id='word_1_8' title='bbox 235 237 391 264; x_wconf 88' lang='lat' dir='ltr'>manus</span> <span class='ocrx_word' id='word_1_9' title='bbox 431 228 591 270; x_wconf 84' lang='lat' dir='ltr'><strong>essent,</strong></span> <span class='ocrx_word' id='word_1_10' title='bbox 628 220 673 261; x_wconf 88' lang='lat' dir='ltr'>in</span> <span class='ocrx_word' id='word_1_11' title='bbox 714 228 802 261; x_wconf 79' lang='lat' dir='ltr'>tres</span> <span class='ocrx_word' id='word_1_12' title='bbox 842 229 987 278; x_wconf 84' lang='lat' dir='ltr'>partes</span> <span class='ocrx_word' id='word_1_13' title='bbox 1027 223 1170 264; x_wconf 88' lang='lat' dir='ltr'>divisit</span> <span class='ocrx_word' id='word_1_14' title='bbox 1209 223 1460 264; x_wconf 85' lang='lat' dir='ltr'>exercitum.</span> 
     </span>
     <span class='ocr_line' id='line_1_3' title="bbox 115 291 1462 350; baseline 0.001 -15"><span class='ocrx_word' id='word_1_15' title='bbox 115 294 487 350; x_wconf 83' lang='lat' dir='ltr'>Hephaestionem</span> <span class='ocrx_word' id='word_1_16' title='bbox 534 291 632 341; x_wconf 87' lang='lat' dir='ltr'>uni,</span> <span class='ocrx_word' id='word_1_17' title='bbox 683 295 864 333; x_wconf 83' lang='lat' dir='ltr'>Coenon</span> <span class='ocrx_word' id='word_1_18' title='bbox 913 294 1033 335; x_wconf 87' lang='lat' dir='ltr'>alteri</span> <span class='ocrx_word' id='word_1_19' title='bbox 1083 295 1215 336; x_wconf 87' lang='lat' dir='ltr'>duces</span> <span class='ocrx_word' id='word_1_20' title='bbox 1256 295 1462 337; x_wconf 77' lang='lat' dir='ltr'>dederat:</span> 
     </span>
     <span class='ocr_line' id='line_1_4' title="bbox 64 363 1462 421; baseline 0.003 -19"><span class='ocrx_word' id='word_1_21' title='bbox 64 380 84 402; x_wconf 75' lang='grc' dir='ltr'><em>ἰ</em></span> <span class='ocrx_word' id='word_1_22' title='bbox 117 365 206 421; x_wconf 86' lang='lat' dir='ltr'>ipse</span> <span class='ocrx_word' id='word_1_23' title='bbox 246 365 399 407; x_wconf 86' lang='lat' dir='ltr'>ceteris</span> <span class='ocrx_word' id='word_1_24' title='bbox 438 370 652 421; x_wconf 87' lang='lat' dir='ltr'>praeerat.</span> <span class='ocrx_word' id='word_1_25' title='bbox 719 363 805 405; x_wconf 88' lang='lat' dir='ltr'>Sed</span> <span class='ocrx_word' id='word_1_26' title='bbox 846 380 936 405; x_wconf 90' lang='lat' dir='ltr'>non</span> <span class='ocrx_word' id='word_1_27' title='bbox 975 366 1126 406; x_wconf 84' lang='lat' dir='ltr'>eadem</span> <span class='ocrx_word' id='word_1_28' title='bbox 1161 381 1284 406; x_wconf 88' lang='lat' dir='ltr'>mens</span> <span class='ocrx_word' id='word_1_29' title='bbox 1324 367 1462 407; x_wconf 85' lang='lat' dir='ltr'>omni-</span> 
     </span>
     <span class='ocr_line' id='line_1_5' title="bbox 114 434 1461 493; baseline 0.001 -16"><span class='ocrx_word' id='word_1_30' title='bbox 114 436 195 477; x_wconf 88' lang='lat' dir='ltr'>bus</span> <span class='ocrx_word' id='word_1_31' title='bbox 219 437 415 478; x_wconf 89' lang='lat' dir='ltr'>barbaris</span> <span class='ocrx_word' id='word_1_32' title='bbox 441 435 537 476; x_wconf 79' lang='lat' dir='ltr'>fuit.</span> <span class='ocrx_word' id='word_1_33' title='bbox 596 434 742 475; x_wconf 80' lang='lat' dir='ltr'>Armis</span> <span class='ocrx_word' id='word_1_34' title='bbox 772 435 950 491; x_wconf 88' lang='lat' dir='ltr'>quidam</span> <span class='ocrx_word' id='word_1_35' title='bbox 979 436 1165 486; x_wconf 81' lang='lat' dir='ltr'>subacti3</span> <span class='ocrx_word' id='word_1_36' title='bbox 1196 437 1340 493; x_wconf 88' lang='lat' dir='ltr'>plures</span> <span class='ocrx_word' id='word_1_37' title='bbox 1362 445 1461 479; x_wconf 89' lang='lat' dir='ltr'>ante</span> 
     </span>
     <span class='ocr_line' id='line_1_6' title="bbox 48 505 1463 565; baseline 0.001 -17"><span class='ocrx_word' id='word_1_38' title='bbox 48 531 52 536; x_wconf 88' lang='lat'><em>·</em></span> <span class='ocrx_word' id='word_1_39' title='bbox 113 514 336 548; x_wconf 89' lang='lat' dir='ltr'>certamen</span> <span class='ocrx_word' id='word_1_40' title='bbox 370 508 582 563; x_wconf 87' lang='lat' dir='ltr'>imperata</span> <span class='ocrx_word' id='word_1_41' title='bbox 626 505 844 555; x_wconf 82' lang='lat' dir='ltr'>fecerunt,</span> <span class='ocrx_word' id='word_1_42' title='bbox 884 508 1041 562; x_wconf 87' lang='lat' dir='ltr'>quibus</span> <span class='ocrx_word' id='word_1_43' title='bbox 1091 523 1266 558; x_wconf 88' lang='lat' dir='ltr'>eorum,</span> <span class='ocrx_word' id='word_1_44' title='bbox 1303 509 1375 565; x_wconf 89' lang='lat' dir='ltr'>qui</span> <span class='ocrx_word' id='word_1_45' title='bbox 1418 509 1463 550; x_wconf 89' lang='lat' dir='ltr'>in</span> 
     </span>
     <span class='ocr_line' id='line_1_7' title="bbox 107 579 1465 637; baseline 0.001 -17"><span class='ocrx_word' id='word_1_46' title='bbox 107 579 358 621; x_wconf 83' lang='lat' dir='ltr'>desectione</span> <span class='ocrx_word' id='word_1_47' title='bbox 395 586 794 635; x_wconf 73' lang='lat' dir='ltr'>perseveraverant,</span> <span class='ocrx_word' id='word_1_48' title='bbox 834 579 960 621; x_wconf 88' lang='lat' dir='ltr'>urbes</span> <span class='ocrx_word' id='word_1_49' title='bbox 998 595 1208 637; x_wconf 75' lang='lat' dir='ltr'>agrosque</span> <span class='ocrx_word' id='word_1_50' title='bbox 1245 580 1366 622; x_wconf 85' lang='lat' dir='ltr'>iussit</span> <span class='ocrx_word' id='word_1_51' title='bbox 1403 587 1465 621; x_wconf 90' lang='lat' dir='ltr'>at-</span> 
     </span>
     <span class='ocr_line' id='line_1_8' title="bbox 63 649 1462 708; baseline 0 -16"><span class='ocrx_word' id='word_1_52' title='bbox 63 664 81 692; x_wconf 90' lang='grc'>3</span> <span class='ocrx_word' id='word_1_53' title='bbox 115 650 263 694; x_wconf 80' lang='lat' dir='ltr'>tribui.</span> <span class='ocrx_word' id='word_1_54' title='bbox 328 651 388 691; x_wconf 89' lang='lat' dir='ltr'>At</span> <span class='ocrx_word' id='word_1_55' title='bbox 420 649 561 691; x_wconf 87' lang='lat' dir='ltr'>exules</span> <span class='ocrx_word' id='word_1_56' title='bbox 599 650 819 690; x_wconf 81' lang='lat' dir='ltr'>Bactriani</span> <span class='ocrx_word' id='word_1_57' title='bbox 853 666 954 692; x_wconf 90' lang='lat' dir='ltr'>cum</span> <span class='ocrx_word' id='word_1_58' title='bbox 982 664 1088 692; x_wconf 85' lang='lat' dir='ltr'>Dccc</span> <span class='ocrx_word' id='word_1_59' title='bbox 1119 652 1462 708; x_wconf 79' lang='lat' dir='ltr'>Massagetarum</span> 
     </span>
     <span class='ocr_line' id='line_1_9' title="bbox 114 722 1463 780; baseline 0.001 -17"><span class='ocrx_word' id='word_1_60' title='bbox 114 723 359 779; x_wconf 88' lang='lat' dir='ltr'>equitibus¹</span> <span class='ocrx_word' id='word_1_61' title='bbox 393 723 616 779; x_wconf 90' lang='lat' dir='ltr'>proximos</span> <span class='ocrx_word' id='word_1_62' title='bbox 645 722 761 762; x_wconf 88' lang='lat' dir='ltr'>vicos</span> <span class='ocrx_word' id='word_1_63' title='bbox 793 730 1080 767; x_wconf 85' lang='lat' dir='ltr'>vastaverunt.</span> <span class='ocrx_word' id='word_1_64' title='bbox 1118 724 1186 764; x_wconf 80' lang='lat' dir='ltr'>Ad</span> <span class='ocrx_word' id='word_1_65' title='bbox 1215 740 1322 780; x_wconf 89' lang='lat' dir='ltr'>quos</span> <span class='ocrx_word' id='word_1_66' title='bbox 1345 739 1463 766; x_wconf 89' lang='lat' dir='ltr'>coer-</span> 
     </span>
     <span class='ocr_line' id='line_1_10' title="bbox 114 792 1463 853; baseline 0.001 -18"><span class='ocrx_word' id='word_1_67' title='bbox 114 794 276 836; x_wconf 87' lang='lat' dir='ltr'>cendos</span> <span class='ocrx_word' id='word_1_68' title='bbox 313 794 502 843; x_wconf 83' lang='lat' dir='ltr'>Attinas,</span> <span class='ocrx_word' id='word_1_69' title='bbox 542 792 725 849; x_wconf 77' lang='lat' dir='ltr'>regionis</span> <span class='ocrx_word' id='word_1_70' title='bbox 764 794 852 835; x_wconf 88' lang='lat' dir='ltr'>eius</span> <span class='ocrx_word' id='word_1_71' title='bbox 891 794 1148 848; x_wconf 85' lang='lat' dir='ltr'>praefectus,</span> <span class='ocrx_word' id='word_1_72' title='bbox 1181 808 1254 836; x_wconf 84' lang='lat' dir='ltr'>ccc</span> <span class='ocrx_word' id='word_1_73' title='bbox 1285 796 1463 853; x_wconf 88' lang='lat' dir='ltr'>equites,</span> 
     </span>
     <span class='ocr_line' id='line_1_11' title="bbox 59 864 1464 922; baseline 0.004 -18"><span class='ocrx_word' id='word_1_74' title='bbox 59 879 82 904; x_wconf 86' lang='lat'>4</span> <span class='ocrx_word' id='word_1_75' title='bbox 111 864 378 915; x_wconf 87' lang='lat' dir='ltr'>insidiarum,</span> <span class='ocrx_word' id='word_1_76' title='bbox 417 880 528 922; x_wconf 90' lang='lat' dir='ltr'>quae</span> <span class='ocrx_word' id='word_1_77' title='bbox 569 865 849 920; x_wconf 83' lang='lat' dir='ltr'>parabantur,</span> <span class='ocrx_word' id='word_1_78' title='bbox 891 865 1076 920; x_wconf 85' lang='lat' dir='ltr'>ignarus,</span> <span class='ocrx_word' id='word_1_79' title='bbox 1113 867 1273 920; x_wconf 84' lang='lat' dir='ltr'>eduxit.</span> <span class='ocrx_word' id='word_1_80' title='bbox 1329 869 1464 909; x_wconf 72' lang='lat' dir='ltr'>Nam-</span> 
     </span>
     <span class='ocr_line' id='line_1_12' title="bbox 79 936 1462 995; baseline 0.004 -20"><span class='ocrx_word' id='word_1_81' title='bbox 79 973 82 975; x_wconf 64' lang='lat'>,</span> <span class='ocrx_word' id='word_1_82' title='bbox 113 952 198 992; x_wconf 88' lang='lat' dir='ltr'>que</span> <span class='ocrx_word' id='word_1_83' title='bbox 227 937 363 978; x_wconf 88' lang='lat' dir='ltr'>hostis</span> <span class='ocrx_word' id='word_1_84' title='bbox 400 936 445 977; x_wconf 91' lang='lat' dir='ltr'>in</span> <span class='ocrx_word' id='word_1_85' title='bbox 483 936 605 985; x_wconf 91' lang='lat' dir='ltr'>silvis,</span> <span class='ocrx_word' id='word_1_86' title='bbox 648 950 758 991; x_wconf 88' lang='lat' dir='ltr'>quae</span> <span class='ocrx_word' id='word_1_87' title='bbox 792 943 915 976; x_wconf 87' lang='lat' dir='ltr'>erant</span> <span class='ocrx_word' id='word_1_88' title='bbox 942 936 1057 978; x_wconf 89' lang='lat' dir='ltr'>forte</span> <span class='ocrx_word' id='word_1_89' title='bbox 1089 954 1248 995; x_wconf 89' lang='lat' dir='ltr'>campo</span> <span class='ocrx_word' id='word_1_90' title='bbox 1274 939 1462 987; x_wconf 85' lang='lat' dir='ltr'>iunctae,</span> 
     </span>
     <span class='ocr_line' id='line_1_13' title="bbox 114 1006 1466 1066; baseline 0.002 -17"><span class='ocrx_word' id='word_1_91' title='bbox 114 1017 334 1050; x_wconf 89' lang='lat' dir='ltr'>armatum</span> <span class='ocrx_word' id='word_1_92' title='bbox 362 1008 548 1049; x_wconf 88' lang='lat' dir='ltr'>militem</span> <span class='ocrx_word' id='word_1_93' title='bbox 586 1006 806 1053; x_wconf 86' lang='lat' dir='ltr'>condidit,</span> <span class='ocrx_word' id='word_1_94' title='bbox 835 1008 985 1062; x_wconf 86' lang='lat' dir='ltr'>paucis</span> <span class='ocrx_word' id='word_1_95' title='bbox 1022 1010 1366 1066; x_wconf 85' lang='lat' dir='ltr'>propellentibus</span> <span class='ocrx_word' id='word_1_96' title='bbox 1393 1027 1466 1066; x_wconf 86' lang='lat' dir='ltr'>pe-</span> 
     </span>
     <span class='ocr_line' id='line_1_14' title="bbox 115 1078 1464 1137; baseline 0.001 -15"><span class='ocrx_word' id='word_1_97' title='bbox 115 1095 230 1130; x_wconf 85' lang='lat' dir='ltr'>cora,</span> <span class='ocrx_word' id='word_1_98' title='bbox 276 1088 326 1121; x_wconf 89' lang='lat' dir='ltr'>ut</span> <span class='ocrx_word' id='word_1_99' title='bbox 367 1078 662 1133; x_wconf 84' lang='lat' dir='ltr'>improvidum</span> <span class='ocrx_word' id='word_1_100' title='bbox 695 1078 749 1118; x_wconf 90' lang='lat' dir='ltr'>ad</span> <span class='ocrx_word' id='word_1_101' title='bbox 788 1078 960 1121; x_wconf 85' lang='lat' dir='ltr'>insidias</span> <span class='ocrx_word' id='word_1_102' title='bbox 999 1082 1160 1137; x_wconf 88' lang='lat' dir='ltr'>praeda</span> <span class='ocrx_word' id='word_1_103' title='bbox 1191 1083 1464 1136; x_wconf 86' lang='lat' dir='ltr'>perduceret.</span> 
     </span>
     <span class='ocr_line' id='line_1_15' title="bbox 64 1149 1465 1208; baseline 0.005 -19"><span class='ocrx_word' id='word_1_104' title='bbox 64 1163 81 1189; x_wconf 85' lang='lat' dir='ltr'>s</span> <span class='ocrx_word' id='word_1_105' title='bbox 107 1153 264 1208; x_wconf 85' lang='lat' dir='ltr'>ltaque</span> <span class='ocrx_word' id='word_1_106' title='bbox 293 1151 587 1206; x_wconf 85' lang='lat' dir='ltr'>incomposito</span> <span class='ocrx_word' id='word_1_107' title='bbox 626 1149 798 1205; x_wconf 87' lang='lat' dir='ltr'>agmine</span> <span class='ocrx_word' id='word_1_108' title='bbox 837 1150 1072 1208; x_wconf 87' lang='lat' dir='ltr'>solutisque</span> <span class='ocrx_word' id='word_1_109' title='bbox 1100 1153 1324 1195; x_wconf 86' lang='lat' dir='ltr'>ordinibus</span> <span class='ocrx_word' id='word_1_110' title='bbox 1354 1156 1465 1196; x_wconf 82' lang='lat' dir='ltr'>Atti-</span> 
     </span>
     <span class='ocr_line' id='line_1_16' title="bbox 113 1221 1464 1282; baseline 0.004 -18"><span class='ocrx_word' id='word_1_111' title='bbox 113 1238 190 1264; x_wconf 88' lang='lat' dir='ltr'>nas</span> <span class='ocrx_word' id='word_1_112' title='bbox 226 1222 563 1279; x_wconf 81' lang='lat' dir='ltr'>praedabundus</span> <span class='ocrx_word' id='word_1_113' title='bbox 603 1221 883 1276; x_wconf 86' lang='lat' dir='ltr'>sequebatur;</span> <span class='ocrx_word' id='word_1_114' title='bbox 923 1238 1055 1278; x_wconf 89' lang='lat' dir='ltr'>quem</span> <span class='ocrx_word' id='word_1_115' title='bbox 1096 1233 1464 1282; x_wconf 73' lang='lat' dir='ltr'>praetergressum</span> 
     </span>
     <span class='ocr_line' id='line_1_17' title="bbox 114 1293 1450 1352; baseline 0.004 -17"><span class='ocrx_word' id='word_1_116' title='bbox 114 1294 276 1345; x_wconf 87' lang='lat' dir='ltr'>silvam,</span> <span class='ocrx_word' id='word_1_117' title='bbox 326 1294 398 1352; x_wconf 90' lang='lat' dir='ltr'>qui</span> <span class='ocrx_word' id='word_1_118' title='bbox 442 1294 486 1334; x_wconf 90' lang='lat' dir='ltr'>in</span> <span class='ocrx_word' id='word_1_119' title='bbox 529 1308 577 1334; x_wconf 91' lang='lat' dir='ltr'>ea</span> <span class='ocrx_word' id='word_1_120' title='bbox 619 1293 922 1341; x_wconf 84' lang='lat' dir='ltr'>consederant,</span> <span class='ocrx_word' id='word_1_121' title='bbox 962 1309 1010 1334; x_wconf 88' lang='lat' dir='ltr'>ex</span> <span class='ocrx_word' id='word_1_122' title='bbox 1042 1294 1278 1350; x_wconf 81' lang='lat' dir='ltr'>improviso</span> <span class='ocrx_word' id='word_1_123' title='bbox 1310 1298 1450 1339; x_wconf 88' lang='lat' dir='ltr'>adorti</span> 
     </span>
     <span class='ocr_line' id='line_1_18' title="bbox 61 1332 1465 1410; baseline 0.003 -4"><span class='ocrx_word' id='word_1_124' title='bbox 61 1372 84 1400; x_wconf 87' lang='lat'>6</span> <span class='ocrx_word' id='word_1_125' title='bbox 115 1381 216 1407; x_wconf 90' lang='lat' dir='ltr'>cum</span> <span class='ocrx_word' id='word_1_126' title='bbox 256 1366 461 1407; x_wconf 85' lang='lat' dir='ltr'>omnibus</span> <span class='ocrx_word' id='word_1_127' title='bbox 490 1364 818 1405; x_wconf 84' lang='lat' dir='ltr'>interemerunt.</span> <span class='ocrx_word' id='word_1_128' title='bbox 891 1365 1102 1407; x_wconf 88' lang='lat' dir='ltr'>Celeriter</span> <span class='ocrx_word' id='word_1_129' title='bbox 1142 1368 1197 1409; x_wconf 89' lang='lat' dir='ltr'>ad</span> <span class='ocrx_word' id='word_1_130' title='bbox 1232 1332 1465 1410; x_wconf 59' lang='lat' dir='ltr'>Craterun&#39;i</span> 
     </span>
     <span class='ocr_line' id='line_1_19' title="bbox 113 1436 1467 1497; baseline 0.003 -19"><span class='ocrx_word' id='word_1_131' title='bbox 113 1437 241 1478; x_wconf 88' lang='lat' dir='ltr'>huius</span> <span class='ocrx_word' id='word_1_132' title='bbox 280 1438 412 1480; x_wconf 90' lang='lat' dir='ltr'>cladis</span> <span class='ocrx_word' id='word_1_133' title='bbox 446 1437 564 1477; x_wconf 85' lang='lat' dir='ltr'>fama</span> <span class='ocrx_word' id='word_1_134' title='bbox 603 1436 770 1491; x_wconf 86' lang='lat' dir='ltr'>perlata</span> <span class='ocrx_word' id='word_1_135' title='bbox 806 1444 890 1487; x_wconf 81' lang='lat' dir='ltr'>est3</span> <span class='ocrx_word' id='word_1_136' title='bbox 931 1438 1004 1494; x_wconf 88' lang='lat' dir='ltr'>qui</span> <span class='ocrx_word' id='word_1_137' title='bbox 1041 1447 1143 1479; x_wconf 81' lang='lat' dir='ltr'>curn</span> <span class='ocrx_word' id='word_1_138' title='bbox 1187 1441 1307 1481; x_wconf 89' lang='lat' dir='ltr'>omni</span> <span class='ocrx_word' id='word_1_139' title='bbox 1350 1441 1467 1497; x_wconf 88' lang='lat' dir='ltr'>equi-</span> 
     </span>
     <span class='ocr_line' id='line_1_20' title="bbox 116 1508 1466 1568; baseline 0.003 -19"><span class='ocrx_word' id='word_1_140' title='bbox 116 1516 212 1550; x_wconf 90' lang='lat' dir='ltr'>tatu</span> <span class='ocrx_word' id='word_1_141' title='bbox 241 1509 508 1566; x_wconf 82' lang='lat' dir='ltr'>supervenit:</span> <span class='ocrx_word' id='word_1_142' title='bbox 539 1516 580 1549; x_wconf 90' lang='lat' dir='ltr'>et</span> <span class='ocrx_word' id='word_1_143' title='bbox 603 1508 869 1564; x_wconf 77' lang='lat' dir='ltr'>Massagetae</span> <span class='ocrx_word' id='word_1_144' title='bbox 891 1509 1069 1565; x_wconf 89' lang='lat' dir='ltr'>quidem</span> <span class='ocrx_word' id='word_1_145' title='bbox 1095 1510 1182 1550; x_wconf 89' lang='lat' dir='ltr'>iam</span> <span class='ocrx_word' id='word_1_146' title='bbox 1203 1511 1466 1568; x_wconf 83' lang='lat' dir='ltr'>refugerant,</span> 
     </span>
     <span class='ocr_line' id='line_1_21' title="bbox 115 1579 1470 1636; baseline 0.001 -14"><span class='ocrx_word' id='word_1_147' title='bbox 115 1582 272 1622; x_wconf 85' lang='lat' dir='ltr'>Dahae</span> <span class='ocrx_word' id='word_1_148' title='bbox 301 1582 418 1622; x_wconf 88' lang='lat' dir='ltr'>mille</span> <span class='ocrx_word' id='word_1_149' title='bbox 455 1579 647 1636; x_wconf 89' lang='lat' dir='ltr'>oppressi</span> <span class='ocrx_word' id='word_1_150' title='bbox 688 1587 806 1619; x_wconf 89' lang='lat' dir='ltr'>sunt:</span> <span class='ocrx_word' id='word_1_151' title='bbox 844 1594 1034 1635; x_wconf 84' lang='lat' dir='ltr'>quorum</span> <span class='ocrx_word' id='word_1_152' title='bbox 1077 1580 1198 1622; x_wconf 89' lang='lat' dir='ltr'>clade</span> <span class='ocrx_word' id='word_1_153' title='bbox 1235 1583 1368 1624; x_wconf 89' lang='lat' dir='ltr'>totius</span> <span class='ocrx_word' id='word_1_154' title='bbox 1405 1599 1470 1624; x_wconf 90' lang='lat' dir='ltr'>re-</span> 
     </span>
     <span class='ocr_line' id='line_1_22' title="bbox 67 1650 1472 1710; baseline 0.002 -17"><span class='ocrx_word' id='word_1_155' title='bbox 67 1667 84 1692; x_wconf 74' lang='lat'>7</span> <span class='ocrx_word' id='word_1_156' title='bbox 117 1652 254 1708; x_wconf 83' lang='lat' dir='ltr'>gionis</span> <span class='ocrx_word' id='word_1_157' title='bbox 285 1651 404 1693; x_wconf 78' lang='lat' dir='ltr'>finita</span> <span class='ocrx_word' id='word_1_158' title='bbox 436 1650 625 1692; x_wconf 85' lang='lat' dir='ltr'>defectio</span> <span class='ocrx_word' id='word_1_159' title='bbox 656 1654 767 1691; x_wconf 84' lang='lat' dir='ltr'>est.2</span> <span class='ocrx_word' id='word_1_160' title='bbox 807 1651 1053 1691; x_wconf 80' lang='lat' dir='ltr'>Alexander</span> <span class='ocrx_word' id='word_1_161' title='bbox 1080 1668 1268 1709; x_wconf 83' lang='lat' dir='ltr'>quoque,</span> <span class='ocrx_word' id='word_1_162' title='bbox 1293 1654 1472 1710; x_wconf 86' lang='lat' dir='ltr'>Sogdia-</span> 
     </span>
     <span class='ocr_line' id='line_1_23' title="bbox 116 1723 1468 1779; baseline 0.002 -15"><span class='ocrx_word' id='word_1_163' title='bbox 116 1724 183 1765; x_wconf 88' lang='lat' dir='ltr'>nis</span> <span class='ocrx_word' id='word_1_164' title='bbox 218 1739 366 1765; x_wconf 87' lang='lat' dir='ltr'>rursus</span> <span class='ocrx_word' id='word_1_165' title='bbox 400 1723 610 1772; x_wconf 87' lang='lat' dir='ltr'>subactis,</span> <span class='ocrx_word' id='word_1_166' title='bbox 643 1723 911 1764; x_wconf 85' lang='lat' dir='ltr'>Maracanda</span> <span class='ocrx_word' id='word_1_167' title='bbox 948 1725 1119 1779; x_wconf 83' lang='lat' dir='ltr'>repetit.</span> <span class='ocrx_word' id='word_1_168' title='bbox 1186 1725 1251 1766; x_wconf 91' lang='lat' dir='ltr'>lbi</span> <span class='ocrx_word' id='word_1_169' title='bbox 1292 1727 1468 1777; x_wconf 87' lang='lat' dir='ltr'>Berdes,</span> 
     </span>
     <span class='ocr_line' id='line_1_24' title="bbox 118 1795 1467 1853; baseline 0.002 -17"><span class='ocrx_word' id='word_1_170' title='bbox 118 1811 250 1852; x_wconf 89' lang='lat' dir='ltr'>quem</span> <span class='ocrx_word' id='word_1_171' title='bbox 289 1796 344 1837; x_wconf 92' lang='lat' dir='ltr'>ad</span> <span class='ocrx_word' id='word_1_172' title='bbox 383 1795 565 1853; x_wconf 81' lang='lat' dir='ltr'>Scythas</span> <span class='ocrx_word' id='word_1_173' title='bbox 603 1809 733 1850; x_wconf 91' lang='lat' dir='ltr'>super</span> <span class='ocrx_word' id='word_1_174' title='bbox 768 1795 1020 1852; x_wconf 85' lang='lat' dir='ltr'>Bosporum</span> <span class='ocrx_word' id='word_1_175' title='bbox 1060 1797 1250 1838; x_wconf 88' lang='lat' dir='ltr'>colentes</span> <span class='ocrx_word' id='word_1_176' title='bbox 1277 1797 1467 1850; x_wconf 86' lang='lat' dir='ltr'>miserat,</span> 
     </span>
     <span class='ocr_line' id='line_1_25' title="bbox 68 1866 1468 1926; baseline 0.004 -20"><span class='ocrx_word' id='word_1_177' title='bbox 68 1879 87 1906; x_wconf 82' lang='lat'>8</span> <span class='ocrx_word' id='word_1_178' title='bbox 121 1883 224 1910; x_wconf 90' lang='lat' dir='ltr'>cum</span> <span class='ocrx_word' id='word_1_179' title='bbox 261 1867 407 1924; x_wconf 86' lang='lat' dir='ltr'>legatis</span> <span class='ocrx_word' id='word_1_180' title='bbox 442 1867 580 1923; x_wconf 85' lang='lat' dir='ltr'>gentis</span> <span class='ocrx_word' id='word_1_181' title='bbox 619 1866 824 1908; x_wconf 85' lang='lat' dir='ltr'>occurrit.</span> <span class='ocrx_word' id='word_1_182' title='bbox 893 1866 1242 1924; x_wconf 86' lang='lat' dir='ltr'>Phrataphernes</span> <span class='ocrx_word' id='word_1_183' title='bbox 1267 1885 1468 1926; x_wconf 85' lang='lat' dir='ltr'>quoque,</span> 
     </span>
     <span class='ocr_line' id='line_1_26' title="bbox 123 1938 1471 1997; baseline 0.002 -18"><span class='ocrx_word' id='word_1_184' title='bbox 123 1939 196 1996; x_wconf 87' lang='lat' dir='ltr'>qui</span> <span class='ocrx_word' id='word_1_185' title='bbox 225 1938 523 1981; x_wconf 85' lang='lat' dir='ltr'>Chorasrniis³</span> <span class='ocrx_word' id='word_1_186' title='bbox 560 1945 774 1994; x_wconf 88' lang='lat' dir='ltr'>praeerat,</span> <span class='ocrx_word' id='word_1_187' title='bbox 813 1938 1064 1994; x_wconf 83' lang='lat' dir='ltr'>Massagetis</span> <span class='ocrx_word' id='word_1_188' title='bbox 1099 1948 1142 1980; x_wconf 91' lang='lat' dir='ltr'>et</span> <span class='ocrx_word' id='word_1_189' title='bbox 1171 1939 1308 1981; x_wconf 87' lang='lat' dir='ltr'>Dahis</span> <span class='ocrx_word' id='word_1_190' title='bbox 1334 1942 1471 1997; x_wconf 84' lang='lat' dir='ltr'>regio-</span> 
     </span>
     <span class='ocr_line' id='line_1_27' title="bbox 120 2009 1472 2070; baseline 0.002 -18"><span class='ocrx_word' id='word_1_191' title='bbox 120 2026 230 2052; x_wconf 87' lang='lat' dir='ltr'>num</span> <span class='ocrx_word' id='word_1_192' title='bbox 262 2010 452 2053; x_wconf 87' lang='lat' dir='ltr'>confinio</span> <span class='ocrx_word' id='word_1_193' title='bbox 489 2009 733 2057; x_wconf 83' lang='lat' dir='ltr'>adiunctus,</span> <span class='ocrx_word' id='word_1_194' title='bbox 769 2009 958 2059; x_wconf 88' lang='lat' dir='ltr'>miserat,</span> <span class='ocrx_word' id='word_1_195' title='bbox 987 2011 1059 2067; x_wconf 93' lang='lat' dir='ltr'>qui</span> <span class='ocrx_word' id='word_1_196' title='bbox 1087 2010 1309 2053; x_wconf 87' lang='lat' dir='ltr'>facturum</span> <span class='ocrx_word' id='word_1_197' title='bbox 1336 2013 1472 2070; x_wconf 89' lang='lat' dir='ltr'>impe-</span> 
     </span>
     <span class='ocr_line' id='line_1_28' title="bbox 52 2081 1472 2140; baseline 0.001 -16"><span class='ocrx_word' id='word_1_198' title='bbox 52 2096 91 2128; x_wconf 61' lang='lat'>=9</span> <span class='ocrx_word' id='word_1_199' title='bbox 122 2091 214 2124; x_wconf 89' lang='lat' dir='ltr'>rata</span> <span class='ocrx_word' id='word_1_200' title='bbox 244 2082 566 2139; x_wconf 88' lang='lat' dir='ltr'>pollicerentur.</span> <span class='ocrx_word' id='word_1_201' title='bbox 631 2081 820 2137; x_wconf 85' lang='lat' dir='ltr'>Scythae</span> <span class='ocrx_word' id='word_1_202' title='bbox 857 2082 1079 2136; x_wconf 81' lang='lat' dir='ltr'>petebant,</span> <span class='ocrx_word' id='word_1_203' title='bbox 1121 2091 1169 2124; x_wconf 88' lang='lat' dir='ltr'>ut</span> <span class='ocrx_word' id='word_1_204' title='bbox 1195 2084 1305 2140; x_wconf 87' lang='lat' dir='ltr'>regis</span> <span class='ocrx_word' id='word_1_205' title='bbox 1333 2085 1397 2126; x_wconf 91' lang='lat' dir='ltr'>sui</span> <span class='ocrx_word' id='word_1_206' title='bbox 1425 2085 1472 2126; x_wconf 85' lang='lat' dir='ltr'>fi-</span> 
     </span>
     <span class='ocr_line' id='line_1_29' title="bbox 121 2153 1473 2211; baseline 0.001 -15"><span class='ocrx_word' id='word_1_207' title='bbox 121 2155 225 2196; x_wconf 89' lang='lat' dir='ltr'>liam</span> <span class='ocrx_word' id='word_1_208' title='bbox 261 2153 546 2196; x_wconf 87' lang='lat' dir='ltr'>matrimonio</span> <span class='ocrx_word' id='word_1_209' title='bbox 586 2153 665 2194; x_wconf 91' lang='lat' dir='ltr'>sibi</span> <span class='ocrx_word' id='word_1_210' title='bbox 705 2155 920 2209; x_wconf 87' lang='lat' dir='ltr'>iungeret:</span> <span class='ocrx_word' id='word_1_211' title='bbox 979 2154 1010 2194; x_wconf 91' lang='lat' dir='ltr'>si</span> <span class='ocrx_word' id='word_1_212' title='bbox 1049 2155 1355 2211; x_wconf 86' lang='lat' dir='ltr'>dedignaretur</span> <span class='ocrx_word' id='word_1_213' title='bbox 1381 2156 1473 2197; x_wconf 79' lang='lat' dir='ltr'>affi-</span> 
     </span>
     <span class='ocr_line' id='line_1_30' title="bbox 122 2225 1471 2283; baseline 0.002 -15"><span class='ocrx_word' id='word_1_214' title='bbox 122 2227 329 2276; x_wconf 89' lang='lat' dir='ltr'>nitatem,</span> <span class='ocrx_word' id='word_1_215' title='bbox 358 2226 577 2282; x_wconf 88' lang='lat' dir='ltr'>principes</span> <span class='ocrx_word' id='word_1_216' title='bbox 610 2225 910 2266; x_wconf 87' lang='lat' dir='ltr'>Macedonum</span> <span class='ocrx_word' id='word_1_217' title='bbox 943 2241 1044 2268; x_wconf 91' lang='lat' dir='ltr'>cum</span> <span class='ocrx_word' id='word_1_218' title='bbox 1075 2227 1342 2283; x_wconf 83' lang='lat' dir='ltr'>primoribus</span> <span class='ocrx_word' id='word_1_219' title='bbox 1369 2244 1471 2271; x_wconf 89' lang='lat' dir='ltr'>suae</span> 
     </span>
     <span class='ocr_line' id='line_1_31' title="bbox 123 2296 1474 2357; baseline 0.001 -16"><span class='ocrx_word' id='word_1_220' title='bbox 123 2299 262 2356; x_wconf 84' lang='lat' dir='ltr'>gentis</span> <span class='ocrx_word' id='word_1_221' title='bbox 295 2297 517 2340; x_wconf 90' lang='lat' dir='ltr'>connubio</span> <span class='ocrx_word' id='word_1_222' title='bbox 555 2296 672 2338; x_wconf 84' lang='lat' dir='ltr'>coire</span> <span class='ocrx_word' id='word_1_223' title='bbox 708 2305 947 2354; x_wconf 88' lang='lat' dir='ltr'>pateretur:</span> <span class='ocrx_word' id='word_1_224' title='bbox 1015 2298 1159 2354; x_wconf 87' lang='lat' dir='ltr'>ipsum</span> <span class='ocrx_word' id='word_1_225' title='bbox 1198 2316 1372 2357; x_wconf 90' lang='lat' dir='ltr'>quoque</span> <span class='ocrx_word' id='word_1_226' title='bbox 1408 2316 1474 2342; x_wconf 88' lang='lat' dir='ltr'>re-</span> 
     </span>
     <span class='ocr_line' id='line_1_32' title="bbox 62 2369 1474 2430; baseline -0.001 -15"><span class='ocrx_word' id='word_1_227' title='bbox 62 2389 111 2415; x_wconf 88' lang='lat'>10</span> <span class='ocrx_word' id='word_1_228' title='bbox 122 2385 222 2427; x_wconf 87' lang='lat' dir='ltr'>gem</span> <span class='ocrx_word' id='word_1_229' title='bbox 253 2378 488 2412; x_wconf 85' lang='lat' dir='ltr'>venturum</span> <span class='ocrx_word' id='word_1_230' title='bbox 515 2369 571 2410; x_wconf 89' lang='lat' dir='ltr'>ad</span> <span class='ocrx_word' id='word_1_231' title='bbox 605 2384 706 2410; x_wconf 88' lang='lat' dir='ltr'>eum</span> <span class='ocrx_word' id='word_1_232' title='bbox 731 2369 1062 2425; x_wconf 87' lang='lat' dir='ltr'>pollicebantur.</span> <span class='ocrx_word' id='word_1_233' title='bbox 1129 2371 1327 2429; x_wconf 84' lang='lat' dir='ltr'>Utraque</span> <span class='ocrx_word' id='word_1_234' title='bbox 1364 2373 1474 2430; x_wconf 85' lang='lat' dir='ltr'>lega-</span> 
     </span>
     <span class='ocr_line' id='line_1_33' title="bbox 125 2438 1474 2498; baseline 0.003 -15"><span class='ocrx_word' id='word_1_235' title='bbox 125 2442 243 2483; x_wconf 84' lang='lat' dir='ltr'>tione</span> <span class='ocrx_word' id='word_1_236' title='bbox 277 2442 461 2498; x_wconf 88' lang='lat' dir='ltr'>benigne</span> <span class='ocrx_word' id='word_1_237' title='bbox 499 2438 660 2492; x_wconf 89' lang='lat' dir='ltr'>audita,</span> <span class='ocrx_word' id='word_1_238' title='bbox 709 2440 1084 2497; x_wconf 86' lang='lat' dir='ltr'>Hephaestionem</span> <span class='ocrx_word' id='word_1_239' title='bbox 1122 2449 1167 2484; x_wconf 89' lang='lat' dir='ltr'>et</span> <span class='ocrx_word' id='word_1_240' title='bbox 1203 2444 1474 2487; x_wconf 87' lang='lat' dir='ltr'>Artabazum</span> 
     </span>
    </p>
   </div>
   <div class='ocr_carea' id='block_1_3' title="bbox 125 2599 1472 2647">
    <p class='ocr_par' dir='ltr' id='par_1_3' title="bbox 125 2599 1472 2647">
     <span class='ocr_line' id='line_1_34' title="bbox 125 2599 1472 2647; baseline 0.001 -13"><span class='ocrx_word' id='word_1_241' title='bbox 125 2600 143 2624; x_wconf 90' lang='lat'>1</span> <span class='ocrx_word' id='word_1_242' title='bbox 171 2599 362 2647; x_wconf 82' lang='lat' dir='ltr'>equitibus</span> <span class='ocrx_word' id='word_1_243' title='bbox 385 2601 545 2647; x_wconf 83' lang='lat' dir='ltr'>Massag.</span> <span class='ocrx_word' id='word_1_244' title='bbox 618 2599 640 2626; x_wconf 88' lang='lat'><strong>2</strong></span> <span class='ocrx_word' id='word_1_245' title='bbox 663 2599 784 2635; x_wconf 78' lang='lat' dir='ltr'>abest.</span> <span class='ocrx_word' id='word_1_246' title='bbox 856 2599 876 2630; x_wconf 83' lang='grc'><strong>3</strong></span> <span class='ocrx_word' id='word_1_247' title='bbox 909 2600 973 2635; x_wconf 77' lang='lat' dir='ltr'>Ex</span> <span class='ocrx_word' id='word_1_248' title='bbox 998 2599 1147 2636; x_wconf 83' lang='lat' dir='ltr'>emend.</span> <span class='ocrx_word' id='word_1_249' title='bbox 1177 2600 1299 2637; x_wconf 80' lang='lat' dir='ltr'><em>Codd.</em></span> <span class='ocrx_word' id='word_1_250' title='bbox 1324 2601 1472 2638; x_wconf 79' lang='lat' dir='ltr'>choras.</span> 
     </span>
    </p>
   </div>
  </div>
 </body>
</html>
