1703 2961
407 157 489 199 DE
531 154 744 198 GESTIS
775 153 942 196 ALEX,
974 152 1048 199 lv,
1074 153 1140 192 20.
1400 148 1458 193 61.

100 274 302 316 fortunae
333 268 540 310 varietate
579 266 634 308 ad
670 264 932 307 memoriam
969 263 1236 319 posteritatis
1265 261 1455 317 insignis,

101 343 287 387 Condita
328 342 382 382 ab
419 341 618 397 Agenore
658 337 732 379 diu
774 352 907 386 mare,
945 350 1036 377 non
1071 333 1265 375 vicinum
1302 333 1455 383 modo,

98 415 173 457 sed
213 413 508 471 quodcunque
552 411 704 453 classes
744 409 832 450 eius
871 409 1094 452 adierunt,
1135 405 1318 447 dicionis
1351 420 1454 447 suae

95 485 215 535 fecit,
280 485 340 526 Et
376 483 407 525 si
447 483 588 524 famae
630 482 736 522 libet
777 481 981 530 credere,
1022 477 1131 520 haec
1160 492 1262 534 gens
1291 476 1461 518 litteras

6 608 7 614 ἵ
96 556 237 614 prima
277 563 352 596 aut
377 555 554 603 docuit,
593 561 668 594 aut
714 553 878 595 didicit.
961 549 1173 593 Coloniae
1210 555 1327 591 certe
1363 549 1456 590 eius

0 628 80 683 4¹20
93 645 231 685 paene
260 628 366 668 orbe
394 634 489 667 toto
522 625 704 667 diffusae
739 633 861 666 sunt:
893 623 1115 679 Carthago
1146 620 1381 677 inQAfriea,
1411 621 1458 663 in

5 693 7 704 ¹
95 699 281 742 Boeotia
321 699 512 749 Thebae,
556 699 692 740 Gadis
720 703 732 724 ¹
779 698 833 739 ad
865 697 1111 739 Oceanum.
1172 693 1320 736 Credo
1351 693 1457 734 libe-

95 787 145 814 ro
177 779 477 814 commeantes
526 771 636 812 mari
677 770 933 827 saepiusque
970 766 1172 810 adeundo
1215 766 1368 808 ceteris
1395 766 1459 808 in-

96 844 290 901 cognitas
309 851 459 893 terras,
492 843 663 900 elegisse
682 843 804 884 sedes
831 841 1055 891 iuventuti,
1086 855 1170 897 qua
1194 846 1298 882 tunc
1322 839 1459 880 abun·

2 966 3 970 Ἰ
97 916 281 958 dabant:
304 918 322 941 ²
356 916 440 956 sive
466 917 482 943 ³
519 915 619 972 quia
649 914 812 957 crebris
841 914 1035 955 motibus
1066 920 1218 961 terrae,
1243 927 1348 952 nam
1368 911 1458 954 hoc

2 995 5 1016 ¹
95 1003 271 1045 quoque
312 987 517 1036 traditur,
571 987 759 1028 cultores
799 986 888 1027 eius
925 984 1114 1041 fatigati,
1156 998 1270 1024 nova
1308 990 1352 1024 et
1389 998 1457 1024 ex-

1 1065 4 1108 }
99 1067 218 1099 terna
265 1059 484 1100 domicilia
539 1059 669 1099 armis
709 1058 885 1099 sibimet
922 1070 1130 1114 quaerere
1170 1055 1454 1111 cogebantur.

0 1166 4 1195 t
31 1149 75 1173 21
93 1130 243 1172 Multis
271 1144 372 1186 ergo
415 1131 584 1172 casibus
623 1129 844 1177 defuncta,
881 1137 925 1170 et
959 1134 1059 1184 post
1085 1127 1302 1170 excidium
1331 1142 1457 1170 rena-

1 1202 3 1215 ¹
95 1209 151 1251 ta,
181 1218 298 1243 nunc
339 1209 488 1244 tamen
526 1203 654 1259 longa
683 1218 792 1258 pace
823 1208 984 1244 cuncta
1009 1200 1251 1248 refovente,
1282 1200 1362 1242 sub
1389 1207 1456 1242 tu<

0 1275 3 1365 ἱ
94 1275 176 1316 tela
208 1275 437 1316 Romanae
465 1275 813 1317 mansuetudinis
844 1273 1090 1332 acquiescit.

0 1370 3 1421 l
39 1393 76 1418 v.
141 1375 332 1417 {isdem
379 1375 521 1419 ferme
574 1376 728 1418 diebus
770 1375 908 1417 Darei
945 1375 1117 1416 litterae
1154 1374 1306 1417 allatae
1341 1371 1518 1427 sunt‚21

93 1447 273 1488 tandem
310 1456 360 1490 ut
395 1464 470 1506 reg

93 1519 299 1570 (Statirae
343 1529 434 1562 erat
469 1523 668 1570 nomen‚)
704 1519 862 1575 nuptiis
907 1520 1156 1562 Alexander
1193 1520 1273 1562 sibi
1308 1520 1459 1563 adiun-

473 1450 485 1490 i
525 1448 723 1503 scriptae.
815 1447 1022 1498 Petebat,
1057 1448 1120 1489 uti
1151 1446 1287 1488 filiam
1317 1464 1455 1500 suam,

0 1589 2 1661 J
93 1599 237 1647 geret:
272 1592 425 1633 dotem
465 1592 562 1634 fore
595 1607 777 1633 omnem
807 1592 1032 1648 regionem
1062 1592 1178 1633 inter
1207 1591 1461 1647 Hellespon-

92 1670 188 1704 tum
218 1671 261 1704 et
300 1663 442 1720 Halyn
478 1679 655 1705 amnem
688 1664 828 1713 sitam,
864 1664 966 1705 inde
996 1663 1231 1705 Orientem
1261 1671 1459 1718 spectan-

0 1724 2 1784 ἒ
39 1751 59 1775 2
94 1734 209 1775 tibus
237 1737 360 1777 terris
391 1742 650 1778 contentum
682 1740 745 1788 (se
773 1735 903 1787 fore.)
926 1738 951 1763 4
1013 1735 1058 1777 Si
1088 1733 1205 1776 forte
1236 1735 1460 1777 dubitaret

93 1807 212 1863 quod
234 1807 470 1849 offerretur
488 1808 706 1863 accipere:
735 1824 964 1866 nunquam
993 1808 1067 1850 diu
1090 1808 1250 1849 eodem
1274 1808 1457 1864 vestigio

91 1887 205 1920 stare
242 1879 486 1929 fortunam,
526 1896 783 1938 semperque
818 1880 1034 1931 homines,
1066 1887 1458 1938 quantamcunque

92 1951 347 1993 felicitatem
373 1951 579 2003 habeant,
608 1952 818 1994 invidiam
846 1960 998 1994 tamen
1029 1953 1189 1994 sentire
1218 1952 1457 1996 maiorem.

42 2037 60 2066 3
94 2023 247 2064 Vereni
275 2039 332 2075 se,
359 2040 414 2066 ne
442 2024 587 2066 avium
612 2026 770 2074 modo,
815 2041 920 2081 quas
947 2025 1158 2066 naturalis
1187 2025 1336 2066 levitas
1362 2041 1457 2082 age·

92 2103 159 2136 ret
197 2097 253 2138 ad
290 2096 442 2146 sidera,
484 2097 601 2138 inani
631 2113 681 2139 ac
709 2097 862 2151 puerili
901 2097 1062 2138 mentis
1090 2097 1255 2138 affectu
1281 2097 1457 2139 efferre-

42 2170 45 2171 ’
94 2174 178 2208 tur.
202 2170 217 2196 ⁵
288 2168 409 2210 Nihil
446 2168 662 2210 difficilius
703 2185 813 2219 esse,
846 2169 1051 2226 quamin
1084 2169 1151 2210 illa
1189 2176 1331 2210 aetate
1361 2177 1456 2211 tan-

39 2257 64 2282 4
93 2247 186 2281 tam
213 2256 368 2296 capere
410 2240 651 2282 fortunam.
712 2241 872 2283 Multas
901 2257 944 2282 se
977 2241 1120 2283 adhuc
1149 2241 1352 2298 reliquias
1379 2240 1456 2282 ha-

93 2311 207 2363 bere,
248 2329 329 2355 nec
368 2328 541 2368 semper
571 2313 685 2354 inter
715 2313 928 2370 angustias
950 2313 972 2337 ⁶
1012 2329 1137 2368 posse
1166 2313 1456 2369 deprehendi:

93 2386 408 2426 transeundum
455 2400 543 2426 esse
591 2385 838 2427 Alexandro
887 2384 1159 2441 Euphraten,
1215 2386 1455 2442 Tigrinque

91 2542 109 2567 1
136 2542 276 2578 Gades.
372 2544 393 2570 2
417 2542 538 2580 codd.
567 2546 800 2591 abundabat.
887 2545 906 2575 3
933 2557 1013 2581 seu.
1113 2547 1134 2579 4
1161 2545 1277 2581 verba
1300 2558 1339 2580 se
1367 2546 1451 2581 fore

180 2596 317 2632 desunt
348 2600 389 2633 in
423 2599 532 2633 codd.
567 2613 653 2633 mss.
822 2616 830 2622 ²
899 2602 918 2629 5
939 2601 1002 2637 De
1024 2603 1121 2636 coni.
1150 2599 1259 2634 codd.
1291 2600 1454 2641 efferret,

183 2650 308 2697 Vulgo
335 2653 468 2698 vereri,
495 2665 543 2688 ne
568 2666 606 2688 se
629 2673 674 2680 --
700 2653 862 2689 efferret.
1064 2654 1084 2680 6
1115 2655 1158 2689 in
1184 2655 1380 2702 angustiis.
