1703 2961
400 125 481 166 DE
524 117 731 165 GESTlS
763 114 929 157 ALEX.
961 111 1012 161 V,
1046 110 1109 151 16.
1371 111 1448 156 127

22 235 76 285 ¹27
176 237 381 282 Evadunt
407 251 508 292 ergo
539 234 584 275 in
612 230 779 274 editum
811 225 1045 267 verticem:
1072 239 1123 264 ex
1150 237 1238 279 quo
1257 221 1515 266 hostium16

94 312 281 355 statione
325 314 573 363 conspecta,
609 312 785 346 strenue
825 297 998 344 armati,
1030 311 1053 337 a
1083 303 1206 350 tergo
1236 309 1280 335 se
1308 291 1452 336 osten*

94 385 203 426 dunt
229 381 335 423 nihil
375 381 458 422 tale
496 374 816 421 metuentibus;
855 384 1046 428 quorum
1072 365 1213 423 pauci,
1241 365 1314 421 qui
1348 379 1453 406 con-·

28 454 210 512 29gredi
257 453 347 495 ausi
395 458 541 500 erant,
592 446 703 491 caesi
749 450 862 486 sunt.
935 442 1084 496 ltaque
1121 436 1224 479 hinc
1263 437 1454 478 morien-

92 528 202 569 tium
229 525 428 582 gemitus,
468 522 570 563 hinc
614 518 669 560 ad
707 531 806 559 suos
844 510 1167 555 recurrentium
1198 508 1455 550 miserabilis

91 599 234 648 facies,
263 598 452 652 integros
480 606 668 651 quoque,
702 588 975 644 antequam¹
1023 582 1259 625 discrimen
1293 581 1458 637 experi⁴

33 686 80 718 29
96 677 261 718 rentur,
301 669 346 709 in
380 666 531 722 fugam
570 662 737 704 avertit.
803 658 1002 700 Fremitu
1037 654 1194 696 deinde
1225 653 1271 694 in
1302 660 1456 703 castra,

93 742 187 800 quis
216 740 425 783 Craterus
463 734 785 791 praesidebat,2
827 731 956 780 illato,
988 728 1043 770 ad
1071 724 1351 782 occupandas
1385 739 1457 764 an-

94 813 267 871 gustias,
304 811 348 852 in
385 809 543 867 quibus
579 806 719 864 pridie
756 802 1032 850 haeserant‚³
1075 799 1199 840 miles
1241 795 1456 839 educitur.

36 885 236 931 sosimul
272 891 315 925 et
352 881 546 924 Philotas
587 893 690 920 cum
730 875 1051 933 Polyperconte
1088 871 1370 926 Amyntaque
1414 874 1460 908 et

96 957 252 1000 Coeno
295 956 514 996 diversum
556 951 639 991 iter
675 948 841 1005 ingredi
881 947 1030 995 iussus,
1068 943 1201 984 alium
1237 945 1458 982 terrorem

33 1029 240 1074 31intulit
278 1025 484 1068 barbaris.
552 1021 759 1077 Undique
800 1021 938 1075 (ξι-804
984 1015 1286 1058 Macedonum
1325 1011 1458 1052 armis

94 1100 383 1158 fulgentibus,
422 1094 602 1151 ancipiti
640 1092 756 1133 malo
797 1088 1014 1147 oppressi,
1059 1083 1351 1128 memorabile
1393 1085 1458 1124 ta-

95 1189 200 1214 men
235 1170 453 1228 proelium
498 1167 649 1208 edunt.
709 1164 770 1204 Ut
811 1162 990 1218 opinor,
1029 1159 1246 1216 ignaviam
1281 1170 1459 1212 quoque

97 1244 332 1287 necessitas
376 1240 512 1289 acuit,
554 1243 598 1279 et
640 1251 768 1292 saepe
805 1232 1052 1290 desperatio
1092 1229 1182 1286 spei
1221 1243 1351 1270 causa
1383 1234 1459 1268 est.

37 1332 82 1361 32
97 1310 216 1359 Nudi
259 1312 670 1371 complectebantur
707 1313 911 1356 armatos,
954 1311 998 1346 et
1026 1300 1190 1359 ingenti
1217 1311 1461 1356 corporum

99 1388 216 1429 mole·
240 1402 392 1428 secum
421 1385 476 1426 ad
503 1392 669 1425 terram
701 1380 993 1427 detrahentes,
1026 1374 1224 1431 ipsorum
1251 1370 1463 1428 telisple-

37 1478 84 1506 33
101 1475 259 1516 rosque
306 1456 548 1500 fodiebant.
639 1453 958 1495 Ariobarzanes
1003 1455 1177 1494 tamen,
1220 1457 1272 1485 XL
1321 1444 1464 1484 ferme

101 1532 318 1589 equitibus
357 1537 400 1570 et
437 1529 630 1585 quinque
678 1524 855 1566 milibus
894 1520 1096 1578 peditum
1136 1516 1342 1573 stipatus,
1382 1530 1463 1573 per

101 1604 294 1645 mediam
336 1602 477 1643 aciem
515 1598 817 1640 Macedonum
857 1609 960 1635 cum
1003 1591 1145 1632 multo
1183 1603 1366 1630 suorum
1402 1595 1464 1628 at-

103 1692 186 1734 que
225 1675 420 1716 hostium
451 1671 658 1728 sanguine
692 1667 861 1724 erupit,
890 1662 1162 1719 Persepolim
1191 1662 1361 1710 urbem,
1393 1676 1463 1702 ca-

47 1767 93 1795 34
108 1756 190 1805 put
217 1746 417 1803 regionis,
462 1757 681 1800 occupare
727 1738 948 1780 festinans,
1017 1735 1106 1777 Sed
1144 1749 1169 1774 a
1208 1733 1464 1775 custodibus

105 1820 225 1861 urbis
255 1818 462 1864 exclusus,
486 1813 730 1858 consecutis
750 1820 926 1853 strenue
952 1807 1165 1856 hostibus,
1191 1822 1294 1848 cum
1323 1805 1464 1847 omni-

105 1893 186 1933 bus
215 1891 342 1948 fugae
370 1888 605 1932 comitibus
649 1889 860 1926 renovato
905 1880 1074 1938 proelio
1115 1878 1287 1920 cecidit.
1356 1877 1465 1920 Cra-

104 1971 223 2004 terus
251 1976 440 2019 quoque,
467 1961 629 2015 raptim
661 1957 832 2013 agmine
859 1961 972 2004 acto,
1001 1949 1262 2008 supervenit.

52 2083 90 2110 v.
183 2065 276 2106 Rex
305 2062 463 2104 eodem
493 2061 609 2108 loco,
649 2073 737 2115 quo
767 2051 963 2098 hostium
993 2048 1141 2109 copias
1170 2049 1360 2098 fuderat,
1392 2052 1523 2099 cai-17

106 2144 193 2179 stra
243 2133 533 2178 communit.⁵
606 2131 892 2186 Quamquam
935 2125 1054 2168 enim
1094 2123 1287 2180 undique
1325 2123 1464 2180 fugati

105 2208 254 2250 hostes
283 2206 513 2249 victoriam
554 2207 874 2247 concesserant,
911 2206 1063 2240 tamen
1092 2195 1313 2253 praealtae
1341 2207 1466 2251 prae-

109 2280 344 2337 cipitesque
384 2278 538 2324 fossae,
568 2275 764 2333 pluribus
801 2271 905 2313 locis
942 2270 1155 2317 obiectae,
1187 2269 1463 2324 abruperant

109 2352 202 2402 iter,
229 2352 475 2408 sensimque
507 2357 551 2391 et
579 2355 705 2391 caute
735 2342 1106 2401 progrediendum
1134 2347 1238 2390 erat,
1266 2339 1354 2380 iam
1373 2354 1465 2380 non

59 2445 79 2467 2
107 2423 314 2473 hostium,
359 2423 435 2465 sed
478 2423 681 2464 locorum
718 2417 874 2458 fraude
913 2421 1127 2471 suspecta.-
1200 2410 1464 2455 Procedenti

113 2585 130 2609 1
156 2591 267 2617 autea
296 2594 423 2628 quam.
560 2581 581 2608 2
604 2585 787 2627 praeerat.
928 2573 948 2603 3
975 2573 1191 2609 haesitarat.
1320 2571 1343 2607 4
1366 2573 1464 2620 Ergo

195 2637 380 2684 undique.
583 2637 601 2664 5
631 2631 896 2669 communivit.
