1703 2961
221 131 306 176 348
687 133 980 190 Q.CURT11
1010 134 1150 177 RUFI

223 245 331 287 dum
360 251 584 301 suspectus
612 251 707 286 erat
738 244 931 297 Orsines,
967 246 1055 287 iam
1086 253 1236 287 tamen
1265 246 1404 289 vilior.
1465 249 1583 290 Reus

223 316 342 357 enim
381 316 426 356 in
476 324 647 357 secreto
688 317 921 373 agebatur,
956 317 1128 359 latentis
1165 318 1346 375 periculi
1386 320 1582 376 ignarus:

221 395 266 429 et
304 388 732 444 importunissimum
769 395 989 438 scortum,
1029 405 1084 430 ne
1134 390 1178 430 in
1216 397 1369 446 stupro
1401 392 1582 448 quidem

221 468 264 502 et
291 459 521 501 dedecoris
558 461 766 516 patientia
802 459 968 502 fraudis
999 462 1200 512 oblitum,
1231 463 1434 519 quotiens
1463 479 1583 504 amo-

217 547 314 573 rem
344 530 455 587 regis
484 531 530 572 in
561 547 605 572 se
649 531 922 583 accenderat,
955 532 1164 576 Orsinem
1193 535 1330 576 modo
1361 534 1580 585 avaritiae,

217 603 440 645 interdurn
469 601 600 643 etiam
632 602 901 654 defectionis,
934 606 1154 661 arguebat.

298 677 393 717 Iam
428 681 601 715 matura
638 682 763 716 erant
789 676 834 717 in
883 678 1124 733 perniciem
1173 677 1419 721 innocentis
1454 694 1574 720 men·
1591 696 1639 723 30

218 748 354 797 dacia,
385 754 430 788 et
465 747 622 796 fatum,
663 747 785 789 cuius
811 748 1066 791 inevitabilis
1097 766 1189 792 sors
1218 759 1292 801 est,
1326 751 1576 807 appetebat.

214 819 350 861 Forte
390 818 509 860 enim
546 818 798 875 sepulcrum
832 820 935 878 Cyri
969 822 1213 864 Alexander
1249 823 1367 863 iussit
1406 822 1577 877 aperiri,

215 893 260 933 in
291 906 379 948 quo
419 897 514 932 erat
548 891 779 932 conditum
817 892 907 934 eius
936 910 1116 950 corpus,
1158 894 1227 936 cui
1265 894 1367 935 dare
1405 895 1581 935 volebat

213 963 401 1004 inferias.
466 964 589 1004 Auro
631 971 899 1022 argentoque
937 966 1156 1022 repletum
1198 981 1288 1007 esse
1323 966 1641 1016 crediderat‚31

214 1035 377 1093 quippe
415 1034 473 1075 ita
512 1034 629 1076 fama
670 1036 823 1078 Persae
863 1038 1168 1095 vulgaverant;
1196 1038 1270 1079 sed
1303 1045 1478 1095 praeter
1510 1038 1580 1079 cli-

212 1123 348 1165 peum
369 1107 458 1148 eius
482 1114 657 1161 putrem
680 1115 723 1147 et
753 1123 878 1150 arcus
898 1109 1008 1151 duos
1027 1110 1257 1162 Scythicos
1281 1117 1324 1150 et
1351 1110 1578 1152 acinacem

213 1180 320 1221 nihil
343 1179 546 1236 repperit.
576 1178 788 1220 Ceterum
809 1196 974 1222 corona
997 1197 1127 1223 aurea
1146 1181 1350 1237 imposita
1368 1181 1571 1230 amiculo,
1589 1199 1635 1227 32

215 1252 284 1294 cui
320 1259 513 1292 assuerat
531 1255 542 1275 ¹
572 1251 675 1307 ipse,
699 1252 868 1301 solium,
895 1254 939 1294 in
963 1269 1050 1310 quo
1083 1268 1241 1308 corpus
1266 1253 1447 1302 iacebat,
1469 1253 1578 1294 vela-

211 1324 286 1373 vit,
307 1324 501 1371 miratus,
522 1323 631 1363 tanti
657 1324 849 1365 nominis
870 1339 1032 1380 regem,
1056 1325 1187 1365 tantis
1211 1324 1458 1378 praeditum
1487 1323 1578 1379 opi-

211 1397 305 1446 bus,
320 1396 438 1436 haud
451 1394 680 1452 pretiosius
695 1396 916 1452 sepultum
932 1413 1034 1447 esse,
1048 1412 1180 1453 quain
1195 1397 1225 1437 si
1239 1395 1387 1436 suisset
1401 1411 1422 1436 e
1436 1395 1575 1451 plebe,

210 1468 440 1510 Proximus
468 1474 562 1508 erat
598 1466 719 1507 lateri
745 1469 895 1524 spado,
939 1469 1010 1526 qui
1048 1484 1194 1526 regem
1232 1468 1416 1514 intuens,
1453 1470 1633 1533 passim

211 1545 379 1589 mirum,
416 1540 571 1597 inquit,
612 1550 700 1590 est,
742 1544 893 1584 inania
938 1544 1134 1598 sepulcra
1172 1558 1262 1582 esse
1291 1557 1449 1594 regum,
1482 1557 1575 1581 cum

209 1627 489 1670 satraparum
536 1615 688 1656 domus
734 1630 883 1656 aurum
932 1618 1032 1657 inde
1079 1627 1270 1670 egestum
1310 1631 1462 1669 capere
1491 1631 1574 1656 non

208 1692 413 1744 possint?
448 1690 579 1753 Quod
610 1691 670 1730 ad
707 1704 772 1729 me
803 1691 976 1737 accinet,
1009 1692 1103 1744 ipse
1132 1692 1212 1731 hoo
1243 1690 1412 1729 bustum
1443 1689 1576 1728 ante²
1598 1702 1647 1730 34

209 1779 293 1805 non
323 1764 545 1804 videram.-
596 1763 676 1802 sed
722 1777 778 1802 ex
815 1763 972 1803 Dareo
1011 1765 1078 1803 ica
1121 1765 1283 1816 accepi,
1323 1762 1415 1802 cria
1452 1762 1574 1800 milia

208 1838 417 1878 talentum
442 1838 621 1877 condisa
636 1852 726 1876 esse
747 1851 837 1875 cum
865 1835 990 1889 Cyro.
1021 1837 1138 1875 Hinc
1161 1836 1239 1876 illa
1260 1835 1505 1887 benignitas
1526 1837 1572 1874 in
1592 1847 1638 1875 35

208 1921 265 1959 ce,
302 1919 364 1959 ub,
403 1910 520 1965 quod
557 1911 731 1962 impune
768 1908 922 1949 habere
949 1923 1033 1950 non
1062 1918 1242 1962 poterae
1274 1909 1467 1956 Orsines,
1498 1909 1572 1948 do·

208 1985 351 2026 nando
391 1985 526 2024 eciam
563 1984 756 2036 graciam
792 1984 937 2022 iniret.
1008 1979 1323 2022 Concitaverat
1359 1978 1446 2019 iam
1484 1978 1636 2019 ani-³6

206 2071 333 2097 mum
364 2054 410 2095 in
439 2054 574 2095 iram:
602 2068 704 2094 cum
733 2052 825 2104 hi‚³
855 2054 1012 2110 quibus
1036 2052 1264 2108 negotium
1292 2050 1412 2092 idem
1443 2050 1572 2092 dede-

206 2137 289 2176 rat,
325 2126 651 2183 superveniunt.
720 2124 835 2167 Hinc
876 2126 1058 2181 Bagoas,
1096 2124 1200 2166 hinc
1235 2123 1290 2165 ab
1329 2138 1381 2164 eo
1419 2123 1571 2164 subor-

206 2200 313 2250 nati,
342 2198 458 2240 falsis
488 2197 743 2240 criminibus
772 2204 996 2253 occupant
1029 2211 1168 2237 aures.
1219 2197 1472 2252 Antequam
1501 2207 1628 2237 ‹ac-37

207 2271 347 2316 cusari
375 2287 419 2312 se
451 2270 748 2326 suspicaretur
777 2268 968 2319 Orsines,
1007 2268 1053 2310 in
1077 2267 1251 2310 vincula
1283 2275 1348 2310 est
1375 2267 1572 2309 traditus.

203 2347 309 2388 Non
340 2350 574 2386 contentus
595 2340 809 2397 supplicio
837 2341 1019 2383 insontis
1047 2341 1197 2398 spad0,
1229 2341 1319 2397 ipse
1348 2339 1570 2381 morituro

203 2432 390 2460 manum
441 2414 604 2456 iniecit.
679 2413 827 2468 Quem
867 2413 1048 2455 Orsines
1086 2413 1271 2464 intuens,
1319 2415 1569 2462 Audieram,

205 2491 363 2546 inquit,
394 2491 441 2529 in
481 2488 592 2528 Asia
632 2488 735 2528 olim
770 2503 971 2540 regnasse
997 2486 1214 2544 seminas,
1252 2489 1333 2531 hoc
1361 2503 1465 2529 vero
1496 2502 1568 2528 no-

207 2634 225 2659 1
252 2638 478 2668 assueverat.
682 2631 701 2655 2
729 2639 852 2667 antea.
1057 2630 1076 2662 3
1103 2632 1142 2666 ii.

1700 1850 1703 1973 l

1701 1979 1703 2058 i
