1703 2961
421 130 502 172 DE
532 125 737 172 GESTIS
772 123 941 166 ALEX.
982 122 1053 169 IX,
1094 120 1159 162 15.
1384 117 1465 163 317

116 264 191 292 rus
224 252 364 290 semet
403 243 447 284 in
485 241 670 288 flumen,
712 236 946 292 amicique,
982 241 1031 274 ut
1069 232 1316 286 exciperent
1352 245 1466 280 eum,

114 319 231 362 haud
257 315 411 372 procul
452 313 640 360 nabant,
679 308 1004 364 apparebatque
1035 319 1194 360 anceps
1222 302 1467 358 periculum

57 399 210 441 13tam
239 385 444 435 nataturi,
487 397 619 440 quam
647 379 847 435 navigare
880 375 1204 434 perseverantis.
1261 374 1378 430 Ergo
1410 375 1470 414 in-

115 461 231 520 genti
261 457 499 501 certamine
528 452 752 497 concitant
777 464 933 498 remos,
960 453 1209 504 quantaque
1239 446 1299 487 vis
1318 446 1472 489 huma-

117 550 173 576 na
205 547 294 574 esse
323 535 499 587 poterat
526 526 704 567 admota
738 530 813 571 est,
845 528 892 562 ut
920 520 1092 566 ssuctuS,
1122 518 1195 574 qui
1226 533 1269 559 se
1301 518 1474 560 invehe-

59 607 237 654 14bant,
282 601 654 643 everberarentur.
716 594 842 635 Findi
875 592 1072 634 crederes
1101 590 1250 640 unslas,
1282 598 1326 631 et
1352 598 1472 632 retro

118 675 304 735 gurgites
346 671 517 714 cedere.
593 666 763 722 Quibus
801 665 979 705 tandem
1019 663 1138 703 navis
1171 670 1342 719 erepta,
1383 678 1475 703 non

119 757 271 790 tamen
300 743 420 800 ripae
453 740 708 798 applicatur,
728 742 740 762 ¹
776 737 851 779 sed
883 737 926 777 in
959 734 1209 791 proximum
1239 733 1400 774 vadum
1431 733 1479 774 il-

120 819 280 862 liditur.
352 813 468 856 Cum
503 810 656 853 amni²
699 810 862 851 bellum
903 807 1032 849 fuisse
1079 806 1290 848 crederes,
1359 805 1477 861 Ergo

123 892 206 934 aris
234 903 316 946 pro
348 900 537 928 numero
569 882 802 924 fluminum
835 879 997 937 positis,
1027 877 1325 934 sacrificioque
1345 876 1480 926 facto,

121 975 206 1005 xxx
234 960 371 1003 stadia
401 956 626 1015 processit.

65 1088 109 1115 15
208 1062 320 1104 Inde
351 1066 529 1102 ventum
559 1065 622 1098 est
649 1055 695 1097 in
724 1054 949 1112 regionem
979 1050 1345 1108 Oxydracarum³
1378 1049 1547 1094 Mal-16

86 1151 88 1154 ·
126 1136 371 1190 lorumque,
400 1145 509 1187 quos
551 1128 651 1169 alias
682 1126 844 1167 bellare
885 1125 1000 1165 inter
1027 1138 1070 1164 se
1103 1122 1252 1163 solitos
1282 1129 1388 1163 tunc
1413 1137 1486 1178 pe-

126 1198 252 1248 riculi
299 1202 482 1244 societas
530 1200 738 1240 iunxerat.
802 1195 1056 1252 Nonaginta
1102 1193 1221 1234 milia
1260 1193 1486 1234 iuniorum

126 1277 326 1334 peditum
353 1274 399 1314 in
428 1272 559 1314 armis
591 1277 726 1320 erant,
755 1276 930 1326 praeter
959 1267 1039 1307 hos
1072 1264 1268 1322 equitum
1297 1279 1324 1306 x
1353 1265 1486 1312 milia,

70 1354 465 1405 16nongentaeque
510 1342 754 1400 quadrigae.
821 1339 881 1380 At
916 1338 1207 1386 Macedones,
1245 1335 1318 1391 qui
1362 1334 1486 1391 omni

131 1418 381 1464 discrimine
422 1415 510 1455 iam
545 1413 776 1455 defunctos
813 1427 857 1452 se
901 1425 988 1451 esse
1026 1409 1327 1455 crediderant,
1372 1413 1490 1462 post-

77 1515 81 1525 ·
133 1507 266 1551 quam
294 1491 512 1544 integrum
556 1485 717 1526 bellum
748 1499 849 1525 cum
876 1481 1155 1523 ferocissimis
1185 1479 1334 1520 Indiae
1359 1477 1492 1534 genti-

132 1567 214 1607 bus
252 1575 473 1619 superesse
516 1563 835 1614 cognoverunt,
879 1553 1118 1610 improviso
1167 1559 1292 1592 metu
1339 1550 1491 1601 territi,

133 1651 283 1678 rursus
324 1631 534 1676 seditiosis
573 1629 754 1670 vocibus
794 1641 940 1683 regem
977 1626 1204 1681 increpare
1234 1629 1494 1679 coeperunt:

75 1708 359 1764 17Gangen4
404 1718 600 1751 amnem,
641 1707 684 1741 et
718 1713 829 1756 quae
877 1697 989 1738 ultra
1039 1703 1201 1743 essent,
1252 1695 1489 1736 coactum⁵

135 1780 448 1825 transmittere,
481 1790 571 1815 non
600 1781 750 1814 tamen
787 1769 940 1819 finisse,
980 1768 1055 1809 sed
1095 1775 1286 1809 mutasse
1314 1767 1493 1807 bellum.

138 1850 372 1893 Indomitis
408 1846 605 1904 gentibus
642 1859 686 1885 se
725 1841 933 1890 obiectos,
973 1848 1023 1881 ut
1052 1840 1258 1895 sanguine
1289 1855 1367 1879 suo
1401 1854 1498 1893 ape-

80 1923 278 1977 ¹grirent
306 1920 343 1962 ei
372 1918 619 1961 Oceanum.
677 1912 812 1955 Trahi
845 1919 962 1953 extra
993 1912 1132 1953 sidera
1165 1918 1208 1951 et
1234 1911 1382 1960 solem,
1427 1926 1497 1951 co-

138 1995 266 2051 gique
300 1991 431 2039 adire,
460 2004 569 2046 quae
597 1985 851 2028 mortalium
878 1983 1014 2025 oculis
1046 1991 1202 2024 natura
1233 1982 1497 2023 subduxerit.

86 2095 94 2100 -
138 2065 275 2108 Novis
313 2062 553 2104 identidem
591 2058 722 2101 armis
760 2071 897 2098 novos
936 2055 1083 2096 hostes
1124 2055 1315 2095 existere.
1375 2055 1499 2108 Quos

140 2146 191 2179 ut
226 2150 378 2178 omnes
415 2133 603 2174 fundant
641 2129 901 2186 fugentque,
941 2128 1059 2183 quod
1098 2126 1344 2183 praemium
1384 2126 1500 2181 ipsos

141 2209 346 2251 manere?
386 2205 612 2261 caliginem
652 2218 701 2244 ac
730 2200 933 2242 tenebras
973 2206 1016 2239 et
1047 2198 1500 2254 perpetuamnoctem

141 2279 366 2338 profundo
398 2276 684 2319 incubantem
713 2272 834 2322 mari,
853 2273 873 2296 ⁶
904 2269 1122 2326 repletum
1150 2268 1409 2309 immanium
1429 2268 1502 2307 be—

143 2353 317 2393 luarum
354 2347 553 2407 gregibus
589 2345 767 2394 fretum,
809 2341 1057 2384 immobiles
1086 2341 1237 2391 undas,
1266 2341 1311 2381 in
1346 2340 1502 2396 quibus

148 2424 364 2466 emoriens
389 2428 546 2463 natura
578 2416 796 2460 defecerit.

149 2538 169 2564 1
196 2537 472 2585 applicabatur.
668 2532 688 2558 ²
713 2542 838 2565 amne·
1055 2529 1074 2559 3
1109 2530 1170 2563 De
1194 2530 1351 2562 coniecc.
1380 2525 1502 2562 sz'd.

241 2593 507 2632 Sudracarum,
533 2591 628 2623 item
654 2586 823 2634 posthac.
974 2584 997 2617 4
1023 2583 1206 2628 Gangem,
1232 2585 1325 2616 icem
1351 2591 1500 2626 postca.

238 2647 258 2674 5
285 2646 349 2681 De
372 2646 530 2678 coniecc.
570 2642 678 2687 vulgo
707 2647 871 2674 coactos.
1091 2637 1110 2662 6
1136 2636 1257 2670 abest.
