1703 2961
235 113 319 154 ‚328
699 116 757 173 Q.
789 117 996 165 CUR'rn
1026 123 1168 169 mm

239 224 427 280 cognito,
459 231 503 266 et
523 226 665 282 ipsum
687 232 1137 288 comprehenderunt,
1157 246 1201 281 et
1228 240 1412 289 Boxum.
1472 248 1599 293 Cete-
1631 267 1649 296 8
1700 263 1703 315 ζ

238 309 338 335 rum
353 297 523 337 Boxum
537 300 739 354 protinus
759 303 923 359 placuit
936 306 1135 359 interfici,
1149 310 1362 357 Biconem
1377 319 1507 361 etiam
1520 337 1601 378 per

240 366 486 408 cruciatum
499 372 659 414 necari.
690 374 872 432 Iamque
886 381 1060 436 corpori
1076 388 1294 427 tormenta
1309 388 1602 435 admoveban-

236 443 320 487 tur,
338 454 440 480 cum
452 441 624 492 milites,
646 447 658 468 ¹
696 444 915 489 incertum
928 451 983 492 ob
1000 468 1134 508 quam
1159 471 1346 510 causam,
1365 461 1601 520 lymphatis

236 508 395 552 similes
429 512 486 553 ad
525 527 645 554 arma
683 515 944 562 discurrunt.
1011 523 1215 578 Quorum
1253 529 1433 574 fremitu
1476 551 1601 578 exau-
1631 552 1653 582 9

238 579 345 630 dito,
373 582 444 638 qui
474 590 681 642 torquere
709 588 925 633 Biconem
948 593 1045 636 iussi
1064 606 1200 649 erant,
1218 603 1425 655 omisere,
1458 608 1598 657 veriti,

237 666 292 692 ne
320 652 363 693 id
389 653 536 696 facere
567 658 934 705 tumultuantium
965 668 1277 714 vociferatione
1314 675 1600 731 prohiberen-

236 729 317 763 tur.
369 725 457 776 Ille,
484 728 598 769 sicut
630 731 821 775 nudatus
856 745 963 786 erat,
994 743 1192 795 pervenit
1227 746 1280 787 ad
1314 747 1521 801 Graecos,
1555 760 1599 794 et
1617 768 1664 792 10

236 795 491 840 miserabilis
523 800 656 844 facies
692 806 906 862 supplicio
946 810 1148 854 destinati
1179 815 1224 857 in
1260 818 1477 864 diversum
1510 825 1599 865 ani-

235 882 332 909 mos
361 879 543 926 repente
570 877 769 928 mutavit,
803 879 1052 940 dimittique
1086 901 1188 928 eum
1219 889 1448 935 iusserunt.
1498 895 1594 938 Hoc
1618 914 1661 936 11

235 941 373 982 modo
415 959 559 999 poena
600 946 666 989 bis
708 949 924 1004 liberatus,
967 972 1070 998 cum
1102 961 1268 1008 ceteris,
1301 964 1373 1020 qui
1406 966 1598 1010 colonias

235 1026 258 1053 a
308 1027 408 1071 rege
459 1017 691 1061 attributas
733 1023 1026 1081 reliquerunt,
1073 1033 1253 1073 revertit
1301 1034 1346 1076 in
1389 1039 1594 1093 patriam.

233 1084 354 1128 Haec
385 1087 499 1130 circa
530 1091 690 1134 Bactra
723 1102 767 1136 et
799 1096 1067 1154 Scytharum
1098 1105 1311 1148 terminos
1341 1116 1470 1164 gesta.

113 1233 121 1242 ·
169 1189 222 1228 28
314 1186 497 1229 Interim
535 1204 683 1247 regem
725 1194 913 1239 duarum
947 1203 1170 1256 gentium,
1214 1206 1269 1247 de
1306 1209 1464 1263 quibus
1491 1219 1591 1254 ante
1610 1229 1657 1254 12

232 1256 402 1299 dictum
435 1268 510 1311 est,
552 1271 733 1306 centum
771 1267 898 1323 legati
939 1273 1113 1316 adeunt.
1171 1276 1341 1320 Omnes
1369 1297 1500 1324 curru
1527 1302 1596 1326 ve-

229 1328 462 1382 hebantur,
507 1333 662 1377 eximia
693 1340 995 1395 magnitudine
1040 1362 1293 1403 corporum,
1327 1351 1490 1395 decoro
1521 1357 1595 1398 ha-

227 1400 337 1454 bitu,
363 1403 502 1446 lineae
533 1413 673 1449 vestes
699 1409 899 1454 intexto²
943 1430 1051 1458 auro
1112 1435 1396 1480 purpuraque
1447 1427 1596 1470 distin-

229 1481 336 1516 ctae.
401 1476 455 1518 Ei
487 1493 532 1519 se
561 1479 722 1523 dedere
752 1483 881 1540 ipsos,
913 1488 1044 1530 urbes
1070 1505 1295 1550 agrosque,
1327 1495 1588 1552 referebant,
1609 1519 1655 1548 13

227 1561 308 1603 per
345 1555 413 1590 tot
453 1557 616 1593 aetates
651 1552 906 1600 inviolatam
945 1561 1192 1605 libertatem
1238 1566 1346 1609 illius
1397 1571 1594 1626 primum

227 1619 328 1661 fidei
357 1621 609 1680 dicionique
646 1628 955 1682 permissuros:
1000 1633 1105 1676 deos
1141 1637 1219 1678 sibi
1259 1639 1492 1685 deditionis
1519 1659 1593 1686 au-

229 1700 385 1744 ctores,
414 1710 507 1736 non
533 1704 726 1750 metum;
754 1704 917 1760 quippe
948 1704 1122 1748 intactis
1149 1708 1312 1753 viribus
1343 1712 1495 1769 iugum
1526 1733 1595 1759 ex·-

228 1763 384 1820 cipere.
441 1767 546 1817 Rex,
589 1772 770 1814 consilio
813 1774 979 1827 habito,
1027 1777 1198 1822 deditos
1236 1782 1279 1823 in
1310 1782 1444 1828 fidem
1471 1803 1659 1836 acce-14

225 1837 305 1892 pit,
337 1837 574 1894 stipendio,
614 1844 734 1899 quod
765 1846 1015 1890 Arachosiis
1041 1858 1226 1909 utraque
1256 1856 1376 1897 natio
1406 1861 1593 1914 pensita-

225 1909 316 1956 bat,
351 1909 573 1967 imposito.
637 1915 869 1960 Praeterea
910 1934 941 1961 11
971 1922 1088 1964 milia
1130 1932 1173 1966 et
1198 1938 1228 1966 D
1261 1929 1427 1985 equites
1456 1932 1592 1990 impe-

223 1989 313 2030 rat;
351 1989 395 2023 et
435 1985 583 2026 omnia
625 1988 884 2032 obedienter
917 2008 940 2033 a
981 1994 1178 2038 barbaris
1207 1997 1339 2042 facta.
1392 2005 1649 2056 Invitatis15

225 2053 384 2095 deinde
416 2056 473 2097 ad
503 2057 651 2112 epulas
682 2060 831 2118 legatis
860 2066 1056 2121 gentium
1096 2070 1355 2129 regulisque,
1390 2080 1590 2120 exornari

224 2126 477 2169 convivium
512 2130 643 2172 iussit.
709 2133 904 2177 Centum
950 2140 1068 2181 aurei
1106 2141 1206 2184 lecti
1247 2146 1430 2189 modicis
1460 2149 1591 2192 inter-

223 2198 339 2240 vallis
376 2201 505 2256 positi
551 2212 696 2255 erant3
737 2206 860 2250 lectis
902 2209 1255 2257 circumdederat
1296 2219 1454 2269 aulaea,
1488 2237 1590 2277 pur-

221 2286 329 2327 pura
382 2287 578 2330 auroque
625 2276 857 2334 fulgentia;
905 2283 1113 2340 quicquid
1166 2296 1241 2329 aut
1279 2291 1394 2346 apud
1436 2292 1588 2337 Persas

220 2351 366 2384 vetere
398 2344 511 2396 luxu,
552 2355 628 2389 aut
668 2352 784 2406 apud
822 2354 1090 2398 Macedonas
1132 2374 1244 2401 nova
1278 2361 1587 2408 immutatione

222 2423 483 2473 corruptum
518 2428 626 2469 erat,
657 2423 848 2467 confusis
880 2428 1106 2486 utriusque
1136 2433 1274 2488 gentis
1301 2434 1412 2478 vitiis
1443 2438 1487 2480 in
1512 2439 1584 2481 illo
1626 2439 1632 2446 ”

221 2489 424 2530 convivio
458 2493 705 2536 ostendens.

216 2625 233 2648 1
264 2624 447 2659 Graeci
473 2627 628 2662 milites.
821 2632 841 2657 2
865 2634 1047 2670 intextae.

1042 2761 1080 2910 ³
