1703 2961
179 115 232 158 44
634 117 687 169 Q.
721 116 920 156 cuRTn
948 116 1091 157 RUFI

175 230 231 272 ad
261 228 519 285 Euphraten
550 226 804 274 contendit,
830 226 874 268 id
913 227 1092 269 demum
1132 227 1310 271 credens
1339 229 1434 272 fore
1468 228 1528 286 ip-

176 302 272 352 sius,
298 300 418 357 quod
457 300 675 342 celeritate
705 299 956 355 praecipere
981 305 994 325 ¹
1026 299 1251 356 potuisset.

258 372 318 413 At
353 371 597 413 Alexander
635 370 984 422 Parmenionem,
1022 387 1101 428 per
1136 386 1267 428 quern
1296 372 1414 427 apud
1440 372 1527 413 Da·
1553 390 1576 414 4

175 459 375 486 mascum
413 450 590 499 recepta
633 448 724 483 erat
761 443 944 498 praeda,
979 443 1139 484 iussum
1176 458 1275 485 earn
1312 442 1452 498 ipsam
1486 451 1530 484 et

175 515 370 572 captivos
389 514 575 571 diligenti
606 527 821 554 asservare
839 515 1044 565 custodia,
1076 515 1237 572 Syriae,
1262 530 1394 571 quam
1417 514 1529 556 Coe-

173 586 245 628 len
281 593 468 634 vocant,
500 584 719 641 praefecit.
804 585 981 627 Novum
1014 588 1250 644 imperium
1281 586 1390 643 Syri,
1420 601 1529 627 non·
1561 605 1577 631 5

174 657 282 699 dum
332 657 431 698 belli
482 656 675 698 cladibus
710 656 812 697 satis
847 657 1014 707 domiti,
1054 658 1417 715 aspernabantur:
1453 657 1528 699 sed

173 729 372 770 celeriter
407 727 573 768 subacti
612 727 868 769 obedienter
907 729 1120 785 imperata
1156 729 1367 770 fecerunt.
1426 730 1528 770 Ara-

173 800 253 841 dus
286 814 461 856 quoque
490 799 626 840 insula
657 799 831 841 deditur
853 800 953 856 regi.
996 800 1267 842 Maritimam
1287 809 1381 842 tum
1403 816 1526 842 oram
1559 814 1583 842 6

173 879 218 912 et
246 870 453 926 pleraque
491 871 657 926 longius
699 871 832 912 etiam
864 887 887 912 a
918 872 1028 915 mari
1057 872 1304 915 recedentia
1335 887 1408 913 rex
1439 873 1529 914 eius

172 941 337 983 insulae
374 941 520 983 Strato
563 942 831 998 possidebat:
869 958 956 1000 quo
994 944 1039 985 in
1071 943 1205 987 fidem
1235 952 1432 1000 accepto,
1460 960 1528 986 ca-

170 1021 258 1058 stra
285 1014 426 1056 movit
456 1014 510 1055 ad
538 1015 692 1056 urbem
722 1014 972 1056 Marathon.

256 1115 322 1158 Ibi
352 1114 410 1158 illi
437 1115 602 1157 litterae
638 1131 662 1156 a
691 1115 836 1156 Dareo
866 1114 1131 1166 redduntur,
1173 1115 1329 1173 quibus
1369 1123 1418 1157 ut
1456 1131 1523 1157 su-
1558 1136 1573 1161 7

169 1187 305 1245 perbe
355 1187 523 1243 scriptis
564 1187 847 1228 vehementer
892 1186 1084 1228 offensus
1132 1193 1205 1227 est.
1287 1188 1525 1244 Praecipue

172 1275 274 1302 eum
311 1259 462 1308 movit,
502 1259 622 1315 quod
649 1258 819 1299 Dareus
850 1258 929 1300 sibi
958 1259 1068 1315 regis
1094 1258 1284 1309 titulum,
1315 1275 1397 1301 nec
1424 1274 1525 1300 eun-

171 1332 272 1373 dem
313 1330 546 1373 Alexandri
581 1330 751 1371 nomini
790 1331 1088 1387 adscripscrat.
1158 1330 1412 1371 Postulabat
1450 1345 1524 1371 au*
1555 1350 1573 1377 Β

170 1411 263 1445 tem
294 1403 430 1460 magis
461 1417 594 1458 quam
626 1403 817 1457 petebat,
847 1410 897 1444 ut
925 1410 1105 1458 accepta
1144 1402 1353 1458 pecunia,
1389 1416 1523 1458 quan,-

169 1483 438 1531 tamcunque
473 1480 567 1514 tota
597 1473 861 1515 Macedonia
889 1480 1075 1530 caperet,
1110 1480 1300 1514 matrem
1331 1473 1409 1513 sibi
1438 1475 1520 1513 et²

168 1547 402 1604 coniugem
447 1545 694 1602 liberosque
739 1546 1010 1589 restitueret:
1052 1545 1104 1585 de
1132 1560 1266 1600 regno
1303 1559 1457 1600 aequo,
1488 1544 1521 1585 si

164 1618 305 1666 vellet,
336 1617 480 1659 Marte
510 1617 808 1660 contenderet.
861 1617 906 1658 Si
935 1616 1104 1657 saniora
1138 1615 1314 1657 consilia
1337 1615 1518 1656 tandem
1552 1638 1572 1667 9

164 1689 256 1745 pati
282 1688 505 1745 potuisset,
536 1695 769 1729 contentus
797 1688 953 1742 patrio,
989 1688 1165 1729 eederet
1191 1686 1318 1728 alieni
1350 1687 1519 1743 imperii

163 1760 342 1802 finibus:
379 1760 522 1802 socius
564 1760 817 1817 amicusque
860 1767 981 1802 esset.
1072 1760 1124 1800 In
1159 1774 1207 1800 ea
1236 1774 1280 1800 se
1311 1758 1444 1800 fidem
1475 1766 1520 1801 et

162 1834 266 1875 dare
295 1840 500 1889 paratum
530 1839 574 1872 et
604 1832 816 1888 accipere.

243 1904 412 1947 Contra
458 1903 704 1945 Alexander
746 1904 791 1944 in
839 1902 959 1944 hunc
995 1901 1184 1943 maxime
1222 1902 1409 1946 modum
1447 1917 1577 1950 re-10

159 1976 349 2032 scripsit:
380 1979 483 2017 Rex
512 1977 761 2018 Alexander
789 1977 955 2017 Dareo.
1020 1976 1150 2016 Cuius
1175 1974 1192 2002 ³
1228 1991 1379 2016 nomen
1407 1990 1517 2015 sum-

158 2052 308 2104 psisti,
335 2051 514 2090 Dareus
560 2050 762 2098 Graecos,
792 2051 868 2104 qui
898 2064 1017 2090 oram
1054 2049 1331 2102 Ilellesponti
1356 2058 1513 2098 cenent,

158 2125 430 2178 coloniasque
477 2124 732 2164 Graecorum
772 2124 940 2170 Ionias,
977 2124 1093 2162 omni
1131 2122 1252 2163 clade
1301 2123 1510 2170 vastavit,

159 2212 253 2235 cum
282 2211 437 2249 magno
467 2197 621 2236 deinde
665 2197 859 2236 exercitu
889 2210 1010 2245 'mare
1036 2196 1227 2241 traiecic,
1258 2194 1381 2234 illato
1409 2196 1511 2233 Ma-

157 2271 362 2310 cedoniae
398 2279 443 2308 ec
485 2268 691 2309 Graeciae
727 2269 846 2309 bello.
911 2269 1079 2307 Rursus
1117 2268 1284 2306 Xerxes
1305 2266 1327 2291 4
1357 2268 1560 2318 genbisu

160 2343 360 2390 eiusdem,
399 2343 459 2382 ad
492 2342 802 2395 oppugnandos
839 2356 916 2381 nos
952 2355 1044 2380 cum
1083 2340 1329 2378 immanium
1366 2339 1509 2378 barba-

161 2430 304 2456 rorum
332 2415 469 2468 copiis
494 2417 640 2455 venie:
668 2416 744 2469 qui
771 2415 922 2455 navali
948 2412 1114 2468 proelio
1145 2413 1303 2460 victus,
1328 2412 1506 2454 «ΜανιΖο-

164 2561 183 2588 1
214 2561 441 2611 praeripere.
641 2560 662 2585 2
697 2573 753 2596 ac.
955 2560 974 2591 3
1011 2561 1152 2596 Dareo.
1197 2559 1358 2597 Celes.
1390 2559 1509 2593 cuius.

253 2617 275 2648 4
305 2627 429 2649 rursus
456 2627 538 2650 rex
561 2615 715 2653 Xerxes,
