1703 2961
308 123 389 166 DE
433 123 644 167 GESTIS
678 123 846 166 ALEX.
882 125 954 173 ΙΙΙ,
997 124 1061 168 17.
1370 126 1418 165 21

63 245 129 280 tra
158 235 526 295 progrediendum
554 235 683 287 foret,
717 251 770 277 an
801 236 859 277 ibi
885 235 1139 292 opperiendi
1173 242 1314 278 essent
1343 249 1420 276 no-

60 311 99 352 vi
128 309 298 356 milites,
325 313 338 334 ¹
383 324 492 366 quos
529 323 578 349 ex
616 307 877 348 Macedonia
910 306 1143 348 adventare
1173 308 1417 358 constabat,

63 381 296 424 Parmenio
343 393 433 420 non
481 378 612 419 alium
660 377 809 420 locum
854 378 1020 435 proelio
1069 380 1284 434 aptiorem
1326 394 1415 421 esse

22 466 33 490 >
65 453 280 496 censebat.
350 451 523 507 Quippe
563 449 647 491 illic
689 451 913 508 utriusque
952 450 1060 506 regis
1089 452 1237 506 copias
1266 467 1416 492 nume-

58 540 109 567 ro
144 525 311 565 futuras
347 537 492 579 pares,
537 537 639 563 curn
690 523 911 579 angustiae
951 521 1278 563 multitudinem
1321 536 1413 562 non

57 603 283 653 caperent:
309 592 536 651 planitiem
567 594 666 650 ipsis
693 609 960 651 camposque
989 610 1078 636 esse
1107 594 1318 642 vitandos,
1339 593 1411 634 ubi

56 666 288 715 circumiri,
317 666 389 706 ubi
424 666 599 723 ancipiti
631 666 722 708 acie
754 667 942 723 opprimi
974 674 1163 724 possent.
1219 666 1409 713 Timere,

54 754 111 781 ne
139 754 230 780 non
255 738 412 778 virtute
456 738 661 787 hostium,
700 738 773 779 sed
802 739 1051 782 lassitudine
1080 754 1155 780 sua
1187 738 1410 779 vinceren-

53 818 136 853 tur.
211 811 360 852 Persas
409 817 606 851 recentes
653 810 836 851 subinde
877 825 1161 860 successuros,
1204 809 1236 850 si
1274 809 1407 850 laxius

18 890 158 925 ostare
191 883 447 939 potuissent.
497 881 640 923 Facile
670 882 782 923 ratio
811 890 903 923 tam
931 882 1110 923 salubris
1142 881 1308 923 consilii
1339 895 1407 921 ac-

52 963 180 1012 cepta
208 962 284 996 est.
343 956 493 1010 Itaque
524 954 637 997 inter
664 955 880 1009 angustias
906 954 1034 996 saltus
1062 953 1237 994 hostem
1274 966 1405 1007 oppe-

49 1027 125 1067 riri
154 1025 313 1068 statuit.

18 1144 32 1169 t
128 1127 236 1169 Erat
273 1127 318 1167 in
357 1126 546 1168 exercitu
583 1126 690 1183 regis
722 1127 931 1169 Sisenes²
969 1128 1137 1169 Perses:
1176 1124 1465 1182 quondamlS

45 1215 68 1241 a
109 1206 313 1257 praetore
356 1198 539 1254 Aegypti
578 1198 730 1239 missus
780 1199 835 1240 ad
874 1198 1147 1254 Philippum,
1191 1196 1403 1253 donisque

45 1278 90 1313 et
119 1271 240 1313 omni
270 1270 442 1311 honore
470 1270 622 1317 cultus,
649 1270 821 1311 exilium
850 1271 987 1326 patria
1018 1270 1118 1311 sede
1136 1276 1401 1310 mutaverat:

46 1352 219 1387 secutus
263 1343 419 1384 deinde
463 1342 507 1382 in
557 1342 705 1382 Asiam
747 1341 1063 1390 Alexandrum,
1104 1341 1218 1382 inter
1255 1340 1401 1381 fideles

16 1415 186 1459 2soci0s
213 1414 470 1456 habebatur.
529 1413 642 1454 Huic
673 1413 904 1470 epistolam
933 1413 1154 1455 Cretensis
1186 1413 1307 1454 miles
1326 1413 1401 1453 ob-

43 1487 253 1544 signatam
291 1485 436 1532 anulo,
476 1485 597 1526 cuius
625 1486 795 1542 signum
826 1485 944 1525 haud
976 1499 1078 1525 sane
1100 1491 1259 1525 notum
1292 1491 1399 1530 erat,

41 1558 234 1599 tradidit.
291 1557 569 1599 Nabarzanes
596 1564 776 1612 praetor
793 1556 926 1596 Darei
955 1556 1135 1596 miserat
1167 1570 1280 1603 eam,
1299 1555 1400 1595 hor«

40 1630 304 1686 tabaturque
345 1628 554 1675 Sisenem,
599 1635 648 1668 ut
673 1627 851 1683 dignum
883 1626 1044 1682 aliquid
1077 1627 1305 1668 nobilitate
1338 1634 1397 1667 at-

40 1716 125 1758 que
147 1702 163 1729 ³
206 1699 403 1741 moribus
428 1698 514 1740 suis
553 1698 714 1747 ederet,
748 1713 908 1754 magno
943 1698 986 1739 id
1022 1698 1059 1738 ei
1101 1699 1216 1755 apud
1247 1713 1396 1755 regem

43 1771 201 1820 honori
237 1770 347 1812 fore.
438 1771 527 1811 Has
564 1769 729 1810 litteras
766 1770 956 1821 Sisenes,
993 1778 1147 1826 utpote
1182 1771 1394 1821 innoxius,

37 1844 91 1886 ad
119 1843 416 1891 Alexandrum
442 1857 570 1898 saepe
602 1841 771 1883 deferre
802 1842 1059 1899 temptavit3
1088 1843 1163 1883 sed
1195 1858 1297 1885 cum
1327 1851 1396 1884 tot

38 1916 150 1958 curis
189 1922 487 1972 apparatuque
526 1913 623 1954 belli
658 1928 804 1969 regem
853 1914 1019 1956 videret
1052 1914 1209 1971 urgeri,
1252 1914 1394 1970 aptius

38 1975 223 2029 subinde
259 1995 432 2045 tempus
472 1993 727 2042 expectans,
764 1986 1058 2042 suspicionem
1090 1986 1184 2026 initi
1223 1986 1392 2028 scelesti

38 2059 205 2103 consilii
229 2058 441 2119 praebuit.
498 2058 701 2114 Namque
732 2058 925 2114 epistola,
956 2057 1212 2114 priusquam
1240 2058 1277 2100 ei
1297 2058 1393 2100 red-

36 2132 224 2181 deretur,
265 2131 310 2172 in
353 2145 509 2171 manus
546 2130 777 2172 Alexandri
819 2136 1096 2186 pervenerat,
1143 2131 1391 2188 lectamque

36 2219 145 2255 eam,
175 2203 310 2260 ignoti
337 2203 451 2244 anuli
488 2202 621 2258 sigillo
651 2203 877 2259 impresso,
909 2201 1046 2249 Siseni
1079 2201 1169 2244 dari
1199 2203 1391 2254 iusserat,

37 2276 90 2318 ad
126 2275 443 2318 aestimandam
480 2273 612 2314 fidem
652 2274 837 2314 barbari.
903 2272 990 2328 Qui
1029 2273 1129 2330 quia
1158 2289 1238 2331 per
1271 2289 1392 2317 com«

34 2347 178 2407 plures
216 2348 305 2390 dies
345 2362 437 2388 non
474 2346 641 2392 adierat
677 2360 836 2402 regem,
865 2345 1044 2387 scelesto
1078 2346 1257 2388 consilio
1290 2358 1388 2387 eam

34 2419 146 2460 visus
184 2426 247 2461 est
282 2419 586 2476 suppressisse,
628 2425 671 2459 et
711 2418 756 2458 in
802 2417 971 2474 agmine
1017 2433 1042 2459 a
1090 2417 1385 2465 Cretensibus,

32 2491 152 2533 haud
182 2491 311 2533 dubie
339 2491 454 2533 iussu
483 2491 603 2547 regis,
635 2490 804 2532 occisus
829 2497 904 2531 est.

36 2573 299 2591 ———-e

34 2616 53 2642 1
78 2617 215 2652 milites
242 2619 343 2653 novi.
544 2617 565 2644 2
589 2617 744 2660 Sisines,
770 2619 863 2652 icem
885 2626 986 2664 post.
1191 2617 1210 2647 3
1236 2629 1293 2652 ac.
