1703 2961
545 113 1006 175 PRAEFATIO.
1413 131 1468 173 m

118 251 453 300 quaecunque
485 237 650 290 minus¹
697 238 809 282 trita
840 235 1149 296 viderentur,
1184 232 1467 298 vulgaribus

118 303 280 350 verbis
331 302 642 363 explanaret,
690 317 850 363 eaque
893 314 979 351 aut
1022 313 1203 362 postea
1247 316 1308 352 ex
1341 316 1470 351 mar.-

116 371 232 431 gine
259 367 372 414 libri
401 370 454 412 in
486 368 647 427 ipsam
679 368 962 413 orationem
982 368 1233 427 transisse,
1265 377 1352 411 aut
1372 377 1471 416 sta-.-

117 436 230 489 tim‚
265 447 395 494 quae
423 434 672 484 maiorum
707 434 758 477 in
795 448 852 478 ea
881 447 935 483 re
970 430 1184 477 facilitas
1218 443 1267 477 et
1288 446 1470 486 rerum,

116 515 224 544 non
256 496 549 553 verborum,
606 512 725 549 eura
768 497 885 554 suit,
934 498 988 549 in
1031 497 1146 557 ipso
1191 494 1321 546 libro
1363 510 1472 546 core,-

119 576 258 609 recta
290 577 415 608 esse.
483 563 592 615 Nec
628 573 702 607 est
726 561 865 622 quod
887 561 1245 617 existiniemUS‚
1267 559 1475 610 doctum

120 629 267 674 illum
297 627 519 687 aliquem
551 628 932 688 grammaticum
973 625 1152 682 fuisse,
1193 625 1355 685 qualis
1390 635 1476 679 aut

118 693 411 738 Demetrius
457 692 733 737 Triclinius
785 704 871 737 aut
913 691 1048 738 Acro
1099 703 1148 736 et
1188 689 1475 752 Porphyrio

119 757 241 808 suit:
287 756 411 802 mihi
455 755 663 816 quidem
697 757 871 802 seculo
904 757 1042 814 XIV,
1074 768 1160 803 aut
1191 757 1282 804 XV
1314 759 1476 811 etiam,

121 823 320 869 Curtius
355 823 694 882 interpolatus
732 837 843 867 esse
879 833 928 868 et
962 837 1022 868 ex
1056 821 1366 882 interpolato
1395 835 1480 871 ex-

119 887 359 947 emplari,
394 902 495 946 qua
528 899 690 932 aetate
724 902 803 933 res
839 898 1007 949 gestae
1050 898 1277 933 veterum
1309 900 1483 946 popu-

120 952 289 997 lorum
332 951 556 997 studiose
605 953 844 1014 cognosci
897 963 1205 1012 coeperunt,
1248 952 1478 1002 certatim

121 1016 407 1076 descriptus
441 1015 652 1073 videtur,
685 1015 1098 1077 quandoquidem
1129 1030 1306 1068 omnes¹
1325 1014 1475 1067 huius

118 1083 317 1142 generis
370 1080 573 1126 codices
616 1081 967 1142 quintidecimi
1012 1081 1167 1127 seculi
1212 1096 1320 1133 esse
1356 1095 1478 1130 con.-

119 1158 229 1197 stat.
298 1147 372 1191 Ita
405 1144 485 1203 fit,
522 1157 578 1191 ut
611 1147 803 1207 duplex
839 1148 982 1207 quasi
1015 1146 1208 1191 familia
1241 1145 1479 1197 codicum

118 1226 236 1257 mss.
272 1212 359 1271 qui
392 1210 546 1257 hodie
592 1213 940 1268 inveniuntur,
983 1213 1071 1269 sit,
1121 1212 1278 1256 altera
1325 1212 1478 1256 inter-

117 1276 414 1337 polatorum
447 1278 547 1322 sive
581 1279 962 1333 recensitorum,
983 1277 1141 1322 altera
1166 1278 1479 1338 integrorum

119 1343 221 1387 sive
257 1340 396 1402 quod
425 1340 489 1386 ad
525 1341 741 1387 eandem
777 1341 884 1387 sere
916 1357 1024 1393 rem
1051 1341 1154 1387 hoc
1187 1340 1394 1402 quidem
1425 1340 1479 1392 iu

118 1421 304 1468 genere
349 1404 500 1462 redit,
542 1408 900 1468 antiquiorum.
970 1408 1029 1453 In
1072 1422 1286 1452 numero
1329 1407 1479 1450 inter÷

118 1472 414 1531 polatorum
450 1483 548 1517 tres
584 1473 797 1517 Palatini
834 1485 972 1530 sunt,
1009 1486 1229 1533 quorum
1263 1472 1479 1530 scriptu=

119 1551 206 1582 rae
247 1538 509 1582 varietates
551 1537 928 1582 Freinshemius
974 1539 1028 1581 in
1072 1535 1246 1584 libello
1286 1537 1479 1585 varian-

122 1603 248 1646 tium
297 1601 580 1645 lectionum
629 1599 838 1645 editioni
880 1616 1000 1646 suae
1051 1599 1290 1657 subiecit,
1346 1615 1478 1652 unus

120 1666 255 1712 Petri
285 1663 523 1725 Pythoei‚
563 1666 706 1710 cuius
742 1678 983 1726 excerpta
1017 1666 1192 1711 nescio
1223 1664 1357 1717 unde
1393 1680 1481 1710 na,

125 1742 234 1778 ctus
260 1728 447 1774 ibidem
472 1729 689 1792 collegit,
723 1730 1001 1777 Vossianus
1028 1729 1296 1786 secundus,
1328 1745 1483 1790 quem

124 1793 538 1855 Snakenburgius
572 1807 806 1840 accurate
850 1795 1093 1853 contulit,
1136 1795 1484 1842 Theocrenia2

125 1876 247 1916 nus,
304 1858 446 1904 cuius
492 1861 660 1905 variae
699 1860 945 1906 lectiones
989 1862 1044 1906 in
1079 1862 1304 1922 margine
1343 1859 1481 1910 editt.

128 1923 547 1986 Gryphianarum
589 1941 632 1970 a.
682 1927 804 1972 1588
852 1937 902 1971 et
946 1926 1068 1974 1597
1111 1937 1316 1972 notatae
1351 1937 1483 1987 sunt,

127 1989 228 2036 duo
264 1992 596 2051 manuscripti
628 1992 975 2048 Oxonienses,
1009 1993 1135 2042 alter
1170 1991 1298 2038 Coll.
1328 1993 1485 2051 Corp.

129 2055 335 2111 Christi,
371 2055 497 2100 alter
529 2055 859 2114 Bodleianus,
895 2072 1114 2117 quorum
1142 2057 1337 2102 varians
1370 2057 1490 2102 scri-

123 2132 279 2182 ptura
307 2133 548 2181 excerpta
575 2132 650 2165 est
677 2122 731 2166 in
755 2123 925 2167 Musei
961 2122 1268 2168 Oxoniensis
1301 2121 1489 2169 littera«-

125 2187 187 2231 rii
224 2198 522 2246 conspectu,
556 2187 726 2231 Oxou.
765 2186 901 2235 1792.
927 2189 972 2234 8.
997 2187 1082 2232 alii
1109 2185 1329 2246 denique
1362 2185 1491 2232 mul-

129 2253 192 2308 ti,
225 2250 379 2296 veluti
416 2250 600 2311 quibus
633 2249 861 2297 Raderus
893 2266 947 2297 se
982 2267 1131 2298 usum
1166 2251 1360 2307 scribit,
1402 2252 1490 2312 qui

131 2331 243 2360 eam
277 2314 343 2360 ob
371 2331 574 2361 causam
609 2317 774 2361 minus
811 2329 1045 2363 accurate
1090 2332 1206 2362 cum
1249 2316 1392 2363 editis
1423 2317 1493 2360 vi.-

131 2380 314 2426 dentur
348 2396 458 2427 esse
495 2381 683 2439 collati,
720 2381 859 2442 quod
886 2398 1071 2443 parum
1101 2381 1164 2427 ab
1197 2382 1296 2427 illis
1332 2380 1493 2427 disce,

132 2445 323 2492 derent.
390 2447 522 2492 Nam
561 2446 788 2492 eiusdem
827 2445 1050 2494 familiae
1092 2447 1299 2493 fuerunt
1341 2448 1493 2494 etiam

133 2511 206 2556 illi
236 2510 373 2568 libri,
404 2510 584 2572 quibus
620 2524 670 2557 et
703 2513 964 2573 principes
1003 2511 1222 2566 editores
1260 2514 1313 2557 in
1352 2522 1494 2558 textu

135 2577 265 2637 typis
300 2575 650 2634 describend0‚
686 2589 736 2625 et
764 2578 944 2641 reliqui
976 2594 1139 2641 usque
1173 2576 1236 2625 ad
1259 2576 1496 2629 Modium'
