1703 2961
362 196 442 238 DE
474 194 679 240 GESTIS
707 193 878 238 ALEx.
911 196 982 247 VI,
1014 195 1079 238 42.
1323 197 1403 240 193

18 330 30 354 ι
49 309 303 355 sententiam
331 314 567 350 transeunt.
624 305 817 349 Consilio
851 321 952 363 crgo
981 308 1171 358 dimisso,
1203 310 1402 365 Hephae.-

47 386 158 426 stion
186 398 286 423 cum
319 380 503 422 Cratero
536 387 578 421 et
618 378 771 420 Coeno
804 379 858 420 ad
884 381 1185 436 quaestionem
1219 383 1271 424 de
1303 385 1401 426 Phi-

9 457 134 498 2lota
174 453 423 494 habendam
460 458 740 507 consurgunt.
823 452 898 492 'aex
941 451 1126 494 Cratero
1169 458 1397 507 accersito,

45 533 88 569 et
110 540 311 567 sermone
342 524 503 573 habito,
536 523 658 565 cuius
688 537 858 563 summa
892 538 982 564 non
1012 524 1125 565 edita
1155 533 1231 576 est,
1261 529 1303 570 in
1333 531 1396 573 fn-

41 599 195 640 timam
235 595 455 637 diversorii
492 601 663 651 partem
699 594 882 645 secessit,
919 602 963 636 et
1003 597 1184 640 remotis
1222 601 1394 647 arbitris

42 671 86 712 in
128 669 312 710 multam
351 674 531 709 noctem
574 666 838 723 quaestionis
886 669 1128 723 expectavit
1170 681 1389 719 eventum,

6 754 26 788 '3
41 743 248 783 Tortores
272 740 316 780 in
348 743 664 796 conspectum¹
707 737 904 780 Philotae
946 741 1094 782 omnia
1126 744 1393 792 crudelitatis

10 815 322 858 »instrumenta
361 817 632 867 proponunt.
694 810 754 851 Et
793 809 861 851 ille
888 811 1016 863 ultro,
1049 816 1171 879 Quid
1198 825 1390 874 cessatis,

39 885 191 941 inquit,
221 885 337 937 regis
372 886 602 931 inimicum,
643 879 977 942 interfectorem,
1019 886 1291 943 cotficencem
1321 910 1390 937 oca

37 960 204 1000 cidere?
233 958 340 1012 quid
370 959 619 1012 quaestione
649 971 757 1011 opus
783 959 884 998 esc?
913 960 1125 1011 cogitavi,
1155 964 1290 1005 volui.

115 1028 322 1071 Craterus
360 1028 537 1083 exigere,
577 1035 635 1077 ut,
661 1042 772 1084 quae
803 1027 1096 1080 confiteretur,
1124 1031 1169 1074 in
1198 1041 1390 1082 tormen-

35 1101 86 1143 tis
112 1116 286 1158 quoque
319 1100 499 1150 diceret;
533 1101 608 1140 et²
643 1099 749 1139 dum
781 1099 1026 1155 corripitur,
1059 1102 1166 1146 dum
1198 1107 1390 1166 obligans

36 1181 106 1215 tur
135 1173 261 1223 oculi,
303 1172 409 1214 dum
443 1170 569 1213 vestis
612 1170 794 1218 exuitur,
835 1168 940 1212 deds
978 1174 1158 1228 patrios,
1190 1182 1388 1234 gentium

35 1246 124 1288 iura
157 1245 474 1302 'nequicquam
510 1243 626 1299 apud
666 1242 816 1284 surdas
847 1254 970 1284 aures
999 1245 1244 1291 invocabat.
1304 1253 1390 1296 Per

34 1318 208 1358 ultimos
237 1316 394 1358 deinde
424 1316 655 1366 cruciatus,
685 1315 838 1371 utpote
870 1317 944 1356 et3
981 1316 1223 1371 damnatus,
1251 1330 1295 1365 et
1313 1325 1389 1367 ini-

38 1390 161 1430 micis
209 1389 252 1430 in
295 1386 480 1443 gratiam
517 1387 627 1442 regis
669 1386 987 1443 torquentibus,
1026 1388 1254 1434 laceratur.
1320 1398 1387 1441 Ac

34 1461 178 1517 primo
217 1473 485 1521 quamquam
524 1459 626 1501 hinc
658 1459 779 1515 ignis,
808 1458 922 1500 illinc
951 1460 1144 1512 verbera,
1176 1463 1264 1505 iam
1295 1483 1388 1511 non

34 1533 88 1574 ad
129 1531 450 1588 quaestionem,
489 1530 563 1571 sed
588 1530 652 1580 ,ad
692 1545 883 1586 poenam
931 1531 1252 1588 ingerebantur,
1294 1554 1385 1581 non

32 1620 187 1646 vocem
216 1603 367 1651 modo,
404 1603 479 1645 sed
509 1603 642 1644 etiam
670 1601 855 1658 gemitus
882 1600 1035 1644 habuit
1066 1604 1108 1645 in·
1146 1614 1385 1662 potestate;

33 1677 107 1718 sed
143 1684 375 1733 postquam
410 1674 705 1717 intumescens
744 1688 904 1730 corpus
941 1674 1160 1718 ulceribus
1196 1678 1384 1737 flagello-

35 1763 131 1789 rum
173 1748 282 1788 ictus
320 1746 448 1788 nudis
486 1745 653 1787 ossibus
688 1745 883 1788 incussos
919 1745 1034 1789 ferre
1070 1763 1163 1791 non
1193 1759 1384 1807 poterat,

34 1820 66 1862 si
104 1819 334 1861 tormentis
373 1818 609 1860 adhibituri
645 1817 832 1858 modum
870 1826 1034 1867 essent,
1071 1819 1294 1866 dicturum
1324 1841 1382 1878 se,

62 1907 140 1933 uae
169 1891 278 1932 scire
308 1898 570 1947 expeterent,
601 1889 843 1946 pollicetur.
904 1891 991 1932 Sed
1017 1890 1150 1935 finem
1170 1899 1384 1951 quaestio..

63 1964 77 2005 i
105 1963 214 2011 fore,
247 1964 387 2004 iurare
425 1977 499 2003 eos
526 1977 606 2018 per
633 1961 1077 2005 Alexandri.salutem
1104 1965 1291 2018 volebat,
1322 1984 1387 2012 re-

81 2035 285 2092 overique
315 2043 517 2076 tortores.
574 2035 634 2075 Et
663 2042 849 2091 utroque
879 2035 1128 2091 impetrato,
1162 2040 1384 2093 Cratere‚⁴²

43 2108 178 2165 nquit,
218 2108 290 2148 dic
317 2110 424 2163 quid
460 2122 524 2148 me
553 2108 664 2147 velis
695 2109 848 2147 dicere.
917 2107 995 2148 lllo
1026 2108 1294 2165 indignante,
1324 2115 1386 2154 lu-

66 2176 197 2221 ificari
236 2194 359 2229 eum,
401 2194 632 2236 rursusque
674 2185 906 2221 revocante
958 2186 1167 2232 tortores,
1211 2190 1385 2242 tempus

67 2251 372 2307 eterecoepit,
409 2251 517 2292 dum
558 2251 771 2305 reciperet
808 2251 1030 2307 spiritum,
1072 2261 1231 2297 cuncta
1272 2272 1385 2313 quae

58 2321 164 2364 ciret
188 2322 467 2371 indicaturum

114 2393 294 2434 Interim
324 2396 499 2452 equites,
531 2393 821 2436 nobilissimus
853 2392 1044 2452 quisque,
1073 2403 1117 2438 et
1139 2397 1165 2438 ii
1185 2400 1384 2451 maxime,

0 2513 3 2518 ,
65 2460 106 2506 ui
134 2465 469 2509 Parmenionem
496 2467 743 2524 propinqua
765 2467 1027 2524 cognatione
1059 2471 1384 2526 contingebant,

68 2544 268 2594 ostquam
310 2536 526 2580 Philotam
566 2539 761 2596 torqueri
798 2539 915 2580 fama
951 2540 1208 2597 vulgaverat,
1244 2542 1382 2599 legem

86 2697 304 2736 conspectu.
386 2691 407 2717 2
432 2691 552 2728 abest.⁴
642 2691 662 2721 3
686 2690 807 2726 abest.
900 2691 923 2724 4
947 2691 1009 2726 Ex
1035 2693 1185 2728 emend.-
1214 2695 1386 2733 Cratero.

1079 2755 1122 2798 N
