1703 2961
257 105 338 147 198
718 98 773 153 Q.
804 95 1010 140 CURTH
1041 94 1183 137 Rom

257 215 557 250 Tumultuantur
589 211 728 245 milites
741 235 757 254 ,
799 209 867 244 sed
898 208 1064 243 recitatis
1097 207 1194 253 regis
1226 205 1361 240 litteris
1399 203 1613 251 quiescunt.

259 278 316 311 De
342 274 512 309 moribus
541 272 799 308 Parmenionis
832 277 875 321 et·
903 271 1016 316 culpa
1040 268 1159 302 dubia
1185 267 1389 302 disseritur.
1436 265 1519 310 (10)
1543 265 1616 298 Mi-

259 340 344 372 lites
372 347 509 371 necem
534 320 669 370 veteris
701 335 808 368 ducis
839 332 960 366 libere
995 329 1196 376 conquesti
1239 336 1276 363 et
1312 329 1540 363 continuum
1562 326 1617 360 la·

260 400 393 433 borem
422 409 532 444 aegre
570 397 752 438 ferentes,
784 396 827 428 in
857 405 975 428 unam
1009 392 1211 426 cohortem
1247 402 1270 424 a
1296 397 1422 424 cetero
1451 388 1618 423 exercitu

258 466 510 507 segregantur.

305 522 388 567 (11)
421 520 636 554 Alexander
669 531 691 552 a
726 518 890 565 Drangis
924 518 964 551 in
999 516 1197 563 regionem
1230 515 1516 560 Arimasporum
1541 511 1620 545 sive

259 584 530 628 Euergetarum
552 581 739 626 pervenit,
765 580 857 614 inde
877 582 1025 616 Carano
1053 585 1090 612 et
1115 578 1268 624 Erigyio
1295 587 1382 610 cum
1394 581 1501 622 parte
1516 583 1618 610 exer-

260 645 356 678 citus
379 643 553 677 adversus
565 643 851 677 Satibarzauern
868 642 973 676 Arios
1000 641 1128 676 denuo
1157 639 1419 674 concitantem
1444 634 1620 676 dimissis,

261 707 309 740 ad
330 697 557 741 Arachosios
584 704 762 750 perrexit.
806 705 891 750 Ν(12.
921 708 977 740 13.
1008 704 1086 747 14.)
1112 702 1214 736 Hinc
1236 713 1305 748 per
1329 699 1525 746 regionem
1551 698 1621 731 Pa-

260 768 607 815 rapamisadarum,.
626 776 798 812 asperam
823 773 861 800 et
886 767 962 801 alta
986 767 1075 800 nive
1103 772 1330 802 contectam,
1356 773 1506 796 summo
1534 772 1622 794 cum

260 830 393 864 labore
423 830 470 863 ad
507 830 721 863 Caucasum
757 829 954 873 processit,
989 830 1096 862 euius
1127 829 1170 862 in
1193 827 1385 861 radicibus
1415 824 1482 870 (ad
1506 825 1624 858 meri-

261 891 364 925 diem
402 902 544 934 versus,
579 893 612 923 si
633 888 744 934 fides
777 891 956 925 Arriano
994 890 1064 933 IV,
1105 894 1167 933 22,
1205 894 1238 925 5.
1267 886 1462 931 habenda)
1483 873 1626 919 'urbem

260 952 528 988 Alexandriam
554 952 670 985 condi
692 952 810 994 iussit,
840 959 1098 998 superatoque
1125 963 1171 986 eo
1200 957 1332 985 monte
1360 949 1408 983 ad
1431 946 1528 982 fines
1554 947 1628 981 Ba-

261 1015 430 1049 ctrianae
456 1014 642 1061 pervenit.

307 1078 384 1122 (15)
408 1077 566 1110 Interim
598 1076 733 1110 Bessus
762 1075 968 1110 consilium
998 1075 1167 1121 expedit,
1190 1073 1343 1119 longius
1368 1079 1473 1108 trans
1499 1073 1629 1107 Oxum

263 1138 396 1183 (hodie
424 1138 569 1183 Gilzon)
607 1137 814 1172 recedendi
846 1144 883 1170 et
918 1137 1122 1170 contractis
1160 1135 1420 1169 accolentium
1443 1135 1626 1169 barbaro-

264 1214 347 1235 rum
373 1200 523 1234 auxiliis
548 1201 589 1234 in
616 1200 811 1245 Sogdiana
835 1199 982 1232 bellum
1008 1198 1186 1243 gerendi:
1213 1197 1297 1243 (16)
1326 1209 1398 1231 nec
1427 1197 1474 1231 ab
1502 1208 1545 1230 ea
1570 1207 1625 1229 ra-

264 1264 372 1296 tione
392 1261 550 1295 Coharis
579 1261 777 1295 cuiusdam
804 1261 979 1294 oratione
1005 1260 1228 1305 deterretur,
1254 1266 1295 1294 ut
1319 1257 1623 1305 semetipse'Ale->

263 1323 412 1358 xandro
441 1322 555 1356 dedat
576 1322 786 1356 suadentis.
1475 1313 1478 1315 ’

307 1385 385 1430 (17)
424 1385 471 1418 Et
507 1384 573 1417 ille
613 1383 769 1429 quidem
807 1384 934 1418 Oxum
963 1384 1118 1425 transit,
1154 1382 1322 1416 desertus
1360 1392 1382 1415 a
1415 1379 1628 1414 Bactrianis

265 1447 476 1494 equitibus:
510 1444 770 1480 Macedonum
810 1445 1010 1489 exercitus,
1043 1445 1267 1490 priusquam
1299 1443 1401 1477 culta
1433 1443 1521 1476 loca
1556 1441 1629 1475 Ba-

267 1510 436 1543 ctrianae
469 1508 680 1554 attingeret,
713 1519 784 1554 per
817 1507 965 1540 deserta
1003 1505 1252 1554 proficiscens
1285 1505 1420 1552 inopia
1456 1504 1632 1538 omnium

265 1583 393 1605 rerum
416 1569 614 1619 premitur.
668 1569 750 1614 (18)
783 1569 899 1603 Varia
935 1576 1071 1603 natura
1100 1569 1202 1603 illius
1238 1575 1360 1601 terrae
1389 1567 1628 1601 describitur.

267 1634 349 1679 (19)
375 1631 521 1666 Bactris
546 1631 680 1667 stativa
702 1630 862 1665 habenti
888 1631 1044 1665 nuntius
1063 1631 1142 1677 regi
1160 1630 1316 1664 affertur
1341 1630 1388 1663 de
1406 1630 1516 1663 rebus
1543 1640 1636 1675 pro·v

266 1706 375 1740 spere
401 1694 502 1740 apud
535 1692 643 1726 Arios
675 1692 799 1737 gestis.
860 1693 991 1727 Victus
1027 1693 1131 1726 enim
1162 1692 1236 1726 fuit
1269 1692 1550 1731 Satibarzanes,
1575 1701 1631 1724 re-

266 1756 448 1790 bellionis
476 1761 621 1796 auctor,
650 1761 686 1786 et
710 1753 894 1799 singulari
921 1755 1128 1788 certamine
1157 1754 1205 1788 ab
1230 1754 1383 1800 Erigyio
1413 1754 1574 1787 occisus.

334 1818 396 1863 20)
424 1817 582 1850 Bessum
611 1816 834 1862 priusquam
871 1815 1100 1860 Scytharum
1131 1816 1276 1849 auxilia
1299 1815 1542 1849 advenissent
1570 1827 1634 1850 oc-

270 1887 489 1926 cupaturus,
512 1876 739 1919 Alexander,
767 1877 952 1911 Artabazo
978 1885 1127 1925 satrapa
1151 1878 1344 1919 instituto,
1374 1878 1521 1912 Bactris
1546 1890 1635 1925 pro-

268 1939 463 1981 ficiscitur,
492 1939 560 1972 sed
585 1939 809 1986 priusquam
833 1938 880 1973 ad
918 1940 1045 1974 Oxum
1071 1952 1222 1974 amnem
1249 1941 1469 1986 perveniret
1493 1939 1634 1974 exerci-

270 2010 349 2045 tus,
374 2014 443 2047 por
468 2000 686 2045 Sogdianae
718 2000 864 2034 deserta
891 2001 961 2035 iter
985 2001 1146 2042 faciens,
1174 2009 1280 2036 aestu
1307 2009 1344 2035 et
1368 2013 1490 2049 aquae
1514 2013 1635 2048 penu-

270 2066 328 2098 ria
364 2062 610 2097 vehementer
640 2063 812 2105 laborat,
849 2063 933 2107 (21)
969 2074 1055 2107 rege
1092 2065 1247 2110 quidem
1288 2064 1479 2109 insignem
1513 2064 1633 2098 animi

272 2125 576 2172 magnitudinem
613 2123 832 2158 exhibente.
893 2125 1083 2169 Singulari
1120 2127 1271 2160 ratione
1307 2128 1435 2161 Oxum
1467 2131 1632 2173 superat.

287 2192 349 2232 22)
376 2188 469 2220 Mox
496 2186 705 2233 cognoscit,
730 2185 889 2220 Bessum
916 2198 937 2220 a
966 2187 1200 2233 Spitamene,
1221 2188 1503 2234 Sogdianorum
1531 2187 1635 2233 equi·

269 2257 351 2282 tum
380 2247 589 2295 praefecto,
617 2248 786 2281 vinctum
810 2249 931 2281 teneri
960 2256 995 2282 et
1017 2249 1064 2282 ad
1092 2260 1131 2282 se
1159 2250 1313 2285 adduci.
1352 2251 1435 2296 (23)
1462 2249 1636 2290 Interim,

273 2310 437 2344 dimissis
478 2311 686 2351 veteranis,
719 2310 767 2344 ad
799 2310 932 2344 urbem
965 2310 1274 2345 Branchidarum
1316 2319 1491 2350 venerat,
1534 2310 1640 2357 quod

273 2371 513 2417 proditorum
538 2371 632 2404 olim
659 2368 844 2405 Graeciae
873 2372 1158 2418 receptaculum
1185 2373 1310 2408 diruit.
1361 2370 1444 2418 (21'1)
1468 2373 1541 2406 Iter
1565 2371 1639 2405 Ta-

274 2432 376 2466 naim
407 2442 538 2483 ⁴versus
570 2431 729 2465 facienti
767 2443 789 2465 a
826 2433 1048 2480 Spitamene
1086 2433 1289 2468 adducitur
1331 2434 1490 2473 Bessus,
1526 2444 1641 2478 quem

274 2493 505 2539 propinquis
541 2493 650 2526 Darii
688 2493 784 2526 tradi
823 2494 931 2528 iussit
967 2495 1159 2541 supplicio
1187 2494 1438 2530 afficiendum
1466 2506 1512 2529 eo
1537 2495 1639 2532 loco,

276 2554 340 2587 ubi
378 2566 503 2597 regem
538 2566 644 2587 suum
686 2554 941 2589 interfecerat.
1004 2558 1084 2600 (325)
1119 2557 1304 2590 Latrones
1332 2556 1512 2590 barbaros
1541 2553 1640 2587 obsi-

279 2615 370 2649 dens
398 2615 611 2650 Alexander
637 2616 867 2657 vulneratur,
899 2617 964 2651 sed
991 2618 1047 2651 illi
1075 2617 1329 2652 admiratione
1356 2618 1434 2651 eius
1462 2617 1561 2662 capti
1586 2626 1640 2650 se-
