1703 2961
424 156 507 198 DE
534 155 744 199 GESTIS
772 155 941 198 ALEX.
970 155 1045 206 IX,
1076 151 1144 194 24.
1384 142 1466 186 325

107 287 257 314 versos
297 273 402 313 licet
438 272 603 312 milites
639 271 878 323 ignominia
915 277 1049 315 notes,
1088 280 1207 307 nemo
1247 258 1462 302 recusabit

108 348 222 386 luere
259 346 317 392 id,
366 345 483 400 quod
530 360 581 384 ne
620 343 875 382 admitteret
912 349 1137 395 praestare
1175 351 1258 377 nou
1294 332 1458 387 potuit.

45 420 266 458 14Patere
295 433 384 466 nos,
424 431 594 472 quaeso,
635 416 723 455 alio
765 416 891 455 modo
921 429 1011 454 esse
1039 412 1152 452 viles
1181 409 1277 449 tibi.
1345 406 1460 464 Quo-

107 506 268 545 cunque
307 492 497 537 iusseris,
539 490 708 529 ibimus.
781 487 974 528 Obscura
1008 483 1201 538 pericula
1221 483 1232 503 ¹
1274 489 1317 519 et
1343 479 1462 530 igno-

107 563 216 603 biles
244 578 412 616 pugnas
440 563 562 603 nobis
591 561 882 615 deposcimus:
913 559 1186 610 temetipsum
1211 554 1269 593 ad
1299 567 1350 591 ea
1379 565 1463 590 ser-

106 637 214 683 va,²
255 651 364 690 quae
402 637 742 688 magnitudinem
783 643 898 673 tuam
939 632 1127 684 capiunt·
1190 628 1290 668 Cito
1321 624 1465 676 gloria

109 709 339 750 obsolescit
368 710 413 749 in
441 710 636 750 sordidis
661 707 871 752 hostibus,
901 720 976 745 nec
994 705 1218 758 quicquam
1239 697 1464 750 indignius

46 793 90 821 ις
107 791 187 827 est,
229 797 357 836 quam
389 782 582 821 consumi
610 795 714 827 eam,
746 780 820 819 ubi
849 794 933 819 non
961 778 1107 831 possit
1137 773 1321 816 ostendi.
1383 769 1466 810 Ea<

109 853 211 894 dem
240 852 331 893 fere
361 851 651 898 Ptolemaeus,
684 858 727 891 et
760 849 914 890 similia
941 847 1039 888 his³
1077 846 1225 889 ceteri.
1284 845 1466 897 lamque

109 924 301 966 confusis
332 923 514 973 vocibus
555 922 708 963 flentes
747 937 848 962 eum
880 920 1076 968 orabant,
1106 926 1157 958 ut
1186 915 1366 957 tandem
1400 928 1467 953 ex-

107 997 286 1037 satiatae
324 994 440 1036 laudi
473 994 660 1035 modum
699 993 882 1043 faceret,
919 1006 970 1033 ac
1007 989 1132 1032 saluti
1171 1004 1287 1038 suae,
1330 985 1375 1028 id
1405 991 1467 1026 est

108 1069 322 1124 publicae,
353 1073 568 1123 parceret,

45 1146 92 1177 16
194 1139 330 1181 Grata
362 1146 454 1178 erat
491 1137 579 1193 regi
616 1137 754 1192 pietas
784 1136 1043 1177 amicorum.
1100 1135 1253 1189 Itaque
1279 1126 1531 1187 singulos25

110 1209 363 1251 familiarius
402 1209 627 1264 amplexus
664 1208 892 1250 considere
928 1207 1061 1248 iubet.
1128 1205 1356 1260 Altiusque
1386 1216 1471 1243 ser-

50 1297 242 1324 17mone
273 1280 474 1337 repetito,
507 1281 645 1323 Vobis
674 1283 859 1336 quidem,
892 1279 1043 1336 inquit,
1076 1279 1340 1336 osidissimi
1363 1278 1470 1330 piis-

108 1353 291 1408 sitniiyue
321 1356 483 1394 civium
509 1363 639 1408 atque
666 1356 913 1400 amicorum,
943 1363 1092 1406 grates
1120 1368 1203 1406 ago
1235 1347 1468 1404 habeoque,

111 1444 195 1470 non
231 1429 368 1469 solum
406 1443 455 1468 eo
485 1428 664 1474 nomine,
705 1428 822 1481 quod
849 1428 980 1467 lzodie
1009 1427 1191 1466 salutem
1229 1440 1364 1464 meanz
1401 1437 1469 1462 vc-

110 1512 230 1542 strae
267 1503 553 1554 praeponitis,
584 1501 662 1540 sed
691 1501 808 1554 quod
837 1515 865 1538 a
892 1501 1150 1552 primordiis
1180 1499 1282 1538 belli
1311 1497 1471 1537 nullum

112 1589 217 1627 erga
246 1590 310 1613 me
340 1574 656 1614 benivolentiae
683 1574 844 1625 pignus
866 1582 994 1627 atque
1014 1574 1222 1612 indicium
1244 1570 1472 1619 omisistis,

113 1649 222 1687 adeo
259 1656 309 1687 ut
345 1646 633 1703 confitendum
669 1647 738 1693 sit,
777 1660 987 1699 nunquam
1028 1648 1137 1685 milli
1164 1647 1324 1685 vitanz-
1337 1657 1472 1682 meam

102 1716 250 1777 fuisse
280 1729 372 1759 tam
402 1734 559 1768 caram,
589 1733 715 1773 quam
744 1733 836 1757 esse
864 1721 1021 1772 coepit,
1052 1729 1101 1758 ut
1121 1719 1248 1758 vobis
1277 1718 1353 1755 diu
1367 1711 1473 1772 frui

56 1810 99 1836 ιε
115 1794 292 1846 possim.
357 1792 552 1832 Ceterum
585 1806 669 1831 non
699 1790 847 1829 eadem
875 1800 942 1829 est
968 1793 1181 1843 cogitatio
1212 1805 1366 1836 eorum,
1397 1789 1474 1841 qui

115 1881 195 1919 pro
228 1880 291 1904 me
321 1867 433 1905 mori
462 1874 633 1917 optant,
671 1872 715 1903 et
753 1878 868 1902 mea:
908 1865 984 1917 qui
1022 1865 1195 1917 quidem
1224 1865 1335 1902 hanc
1361 1862 1471 1901 beni-

114 1939 350 1979 volentiam
390 1945 584 1976 vestram
619 1937 787 1976 virtute
827 1938 1030 1976 meruisse
1065 1953 1129 1975 me
1158 1937 1316 1976 iudico.
1382 1934 1474 1976 Vos

117 2013 226 2052 enim
258 2012 506 2050 diuturnum
530 2005 733 2067 fructum
772 2024 827 2049 ex
868 2026 946 2054 me,
970 2006 1179 2067 forsitan
1217 2010 1352 2048 etiam
1381 2022 1474 2060 per—

115 2094 304 2139 petuum,
335 2085 558 2137 percipere
583 2084 766 2136 cupitis:
810 2098 888 2135 ego
919 2098 983 2121 me
1013 2084 1170 2122 metior
1198 2096 1283 2122 non
1311 2082 1475 2121 aetatis

57 2159 280 2210 19spati0‚
311 2157 388 2195 sed
417 2156 596 2208 gloriae.
656 2157 806 2195 Licuit
844 2157 1044 2209 paternis
1084 2155 1238 2208 opibus
1272 2163 1473 2195 contento

117 2233 235 2271 intra
260 2229 548 2269 Illacedoniae
589 2231 794 2268 terminos
824 2244 903 2281 per
942 2229 1080 2269 otium
1119 2229 1316 2281 corporis
1345 2241 1473 2280 expe-

116 2314 232 2344 ctare
270 2303 489 2344 obscuram
526 2311 570 2341 et
617 2302 849 2354 ignobilem
897 2310 1178 2342 senectutem:
1218 2316 1473 2355 quamquam

117 2393 167 2417 ne
213 2378 334 2429 pigri
383 2364 556 2430 quidem
604 2374 690 2413 sibi
726 2370 840 2430 fata
887 2375 1148 2427 disponunt,
1195 2376 1273 2414 sed
1306 2376 1476 2414 unicum

124 2450 274 2490 bonum
289 2450 536 2488 diuturnam
548 2448 689 2487 vitam
708 2448 1042 2488 existimantes4
1063 2462 1193 2501 saepe
1204 2447 1353 2488 acerba
1364 2462 1477 2488 mors

125 2593 141 2617 ‚1
165 2592 280 2625 bella.
538 2591 558 2616 2
584 2592 631 2626 ad
657 2603 701 2626 ea
730 2603 836 2626 serva
864 2592 1108 2638 pericula.
1370 2589 1390 2619 3
1412 2590 1472 2624 iis.

208 2646 229 2675 4
250 2645 504 2679 aestimantes.
