1703 2961
417 67 499 110 DE
532 65 739 109 GEST1s
766 65 936 108 Amx.
971 65 1064 116 vn,
1099 67 1135 107 1.
1386 71 1466 112 201

7 152 9 167 Ι

119 195 292 240 quoque
319 179 538 237 Antipatri
569 177 706 220 soceri
733 177 822 219 eius
853 193 1003 234 preces
1036 179 1192 220 iustam
1220 180 1330 238 regis
1361 180 1471 224 iram

6 243 9 296 i
116 253 413 295 morabantur.
487 251 698 293 Ceterum
746 250 970 292 recruduit
1030 260 1261 307 soporatus
1319 254 1470 296 dolor:

116 324 274 382 quippe
313 324 468 366 veteris
507 322 686 378 periculi
713 322 976 363 memoriam
1005 324 1242 378 praesentis
1274 340 1375 366 cura
1406 341 1471 368 re.

65 406 83 433 8
115 397 318 437 novabat.
385 395 518 451 Igitur
552 394 798 435 Alexander
836 409 885 435 ex
917 393 1114 435 custodia
1148 395 1359 446 educitur,
1391 398 1471 439 ius-

114 483 270 525 susque
311 469 466 517 dicere,
508 470 806 523 quamquam¹
863 472 957 506 toto
1002 465 1192 507 triennio
1236 469 1470 512 meditatus

113 546 207 580 erat
236 539 556 584 defensionem,
596 540 777 578 tamen²
820 535 1038 578 haesitans
1068 544 1112 578 et
1141 539 1336 594 trepidus
1366 556 1470 597 pau-

113 626 163 652 ca
196 627 245 653 ex
273 611 385 659 his,³
431 623 542 667 quae
581 616 903 665 composuerat,
947 609 1143 665 protulit,
1177 610 1232 652 ad
1264 611 1470 654 ultimum

110 697 202 724 non
239 682 454 724 memoria
494 680 660 731 solum,
699 681 774 722 sed
806 681 938 722 etiarn
964 695 1088 722 mens
1119 695 1221 722 eum
1263 683 1469 726 destituit.

58 763 82 795 9
111 754 227 796 Nulli
267 762 360 796 erat
393 753 592 800 dubium,
636 751 742 809 quin
774 751 1007 808 trepidatio
1040 754 1331 797 conscientiae
1361 756 1470 798 indi-

113 825 229 868 cium
259 833 382 874 esset,
413 840 504 865 non
535 824 777 865 memoriae
806 824 977 865 vitium.
1027 825 1180 882 Itaque
1211 842 1260 868 ex
1286 827 1363 875 his,
1395 827 1469 884 qui

42 904 51 925 '-
107 898 335 953 proximi*
391 897 667 945 adstiterant‚
715 895 1017 938 obluctantem
1071 896 1215 939 adhuc
1262 897 1470 939 oblivioni

106 966 267 1010 lanceis
299 968 607 1011 confoderunt.

48 1051 95 1076 10
190 1039 324 1082 Cuius
354 1055 539 1096 corpore
572 1038 761 1090 ablato,⁵
804 1054 878 1080 rex
905 1038 1124 1082 introduci
1153 1040 1271 1082 iussit
1299 1042 1465 1099 Amyn-

107 1117 200 1152 tam
230 1119 273 1153 et
313 1112 565 1154 Simmiam:
607 1125 712 1151 nam
753 1110 978 1160 Polemon,
1016 1111 1226 1153 minimus
1254 1129 1303 1153 ex
1331 1114 1470 1155 fratri-

107 1182 200 1232 bus,
229 1198 330 1224 cum
366 1182 585 1224 Philotam
626 1181 822 1238 torqueri
861 1183 1161 1238 comperisset,
1194 1184 1464 1242 profugerat.

6 1283 8 1309 5
47 1254 325 1296 nomnium
363 1255 559 1296 Philotae
595 1253 841 1295 amicorum
878 1252 922 1293 hi
954 1255 1162 1296 carissimi
1193 1255 1379 1308 fuerant,
1410 1260 1466 1300 ad

6 1315 8 1321 y
106 1341 264 1383 magna
295 1335 338 1368 et
362 1327 579 1367 honorata
620 1325 862 1366 ministeria
895 1325 1008 1367 illius
1039 1327 1228 1368 maxime
1259 1329 1467 1387 suffraga-

108 1398 230 1439 tione
255 1398 481 1455 producti3
526 1398 876 1453 memineratque
907 1412 995 1445 rex,
1027 1413 1201 1440 summo
1233 1401 1376 1442 studio
1408 1402 1462 1443 ab

109 1485 160 1511 eo
193 1469 445 1513 conciliatos
480 1469 582 1518 sibi,
623 1484 705 1510 nec
745 1468 997 1517 dubitabat,
1039 1469 1167 1512 huius
1197 1487 1373 1528 quoque
1404 1473 1466 1514 ul-

43 1558 90 1582 12
107 1543 200 1584 timi
233 1541 396 1585 consilii
435 1539 564 1581 fuisse
599 1540 848 1596 participes.
918 1541 1068 1597 Igitur,
1095 1543 1199 1583 olim
1226 1543 1306 1584 sibi
1339 1544 1462 1584 esse6

106 1621 330 1672 suspectos
358 1613 511 1654 matris
546 1627 647 1653 suae
677 1612 842 1662 litteris,
877 1613 1031 1669 quibus
1060 1622 1170 1655 esset
1198 1615 1464 1665 admonitus,

106 1695 154 1729 ut
193 1687 247 1728 ab
284 1686 350 1726 his
387 1685 571 1726 salutem
610 1699 734 1725 suam
773 1691 983 1725 tueretur.
1057 1684 1267 1728 Ceterum
1294 1703 1338 1729 se
1360 1688 1465 1732 invi-

104 1767 200 1801 tum
232 1758 448 1800 deteriora
479 1756 747 1805 credentem,
789 1771 908 1797 nunc
939 1758 1182 1798 manifestis
1210 1759 1378 1801 indiciis
1406 1761 1465 1802 vi-

45 1847 90 1876 13
108 1838 241 1880 ctum,
272 1830 437 1871 iussisse
473 1828 637 1873 vinciri.
701 1829 820 1870 Nam
858 1828 996 1884 pridie
1026 1845 1159 1886 quam
1191 1831 1464 1888 detegeretur

104 1903 301 1944 Philotae
333 1901 484 1951 scelus,
519 1901 623 1957 quin
647 1903 850 1942 secreto⁷
890 1916 992 1941 cum
1021 1916 1072 1942 eo
1092 1902 1106 1926 ⁸
1142 1902 1338 1952 fuissent,
1369 1920 1463 1946 non

105 1991 231 2038 posse
273 1974 476 2016 dubitari.
543 1973 745 2013 Fratrem
780 1988 898 2020 vero,
942 1972 1013 2029 qui
1056 1973 1317 2030 profugemt,
1359 1992 1462 2018 cum

42 2069 90 2098 14
105 2048 158 2090 de
189 2046 359 2089 Philota
390 2047 718 2103 quaereretur‚9
751 2045 966 2101 aperuisse
989 2045 1113 2100 fugae
1147 2061 1334 2088 causam.
1372 2049 1464 2090 Nu-

99 2134 180 2177 per
207 2126 382 2176 praeter
413 2117 791 2167 consuetudinem,
834 2115 965 2158 officii
997 2117 1151 2172 specie,
1185 2119 1342 2160 amotis
1370 2120 1463 2162 lon-

100 2192 190 2248 gius
227 2190 403 2240 ceteris,
445 2189 686 2241 admovisse
723 2189 978 2245 semetipsos
1013 2189 1137 2229 lateri
1186 2205 1286 2241 suo,
1343 2192 1461 2235 nulla

99 2262 314 2320 probabili
355 2278 505 2304 causa:
546 2277 677 2318 seque
709 2260 960 2309 mirantem,
990 2260 1110 2317 quod
1141 2275 1233 2302 non
1262 2262 1357 2304 vice
1383 2279 1460 2306 sua

99 2335 172 2376 tali
208 2333 494 2392 fungerentur
534 2332 708 2385 officio,
752 2341 797 2375 et
836 2333 927 2389 ipsa
971 2332 1264 2389 trepidatione
1304 2351 1460 2381 eorum

101 2462 119 2485 1
144 2473 271 2508 quam.
366 2462 386 2486 2
410 2460 532 2496 abest.
628 2461 647 2490 3
675 2461 736 2503 iis,
762 2463 857 2494 icem
879 2460 1000 2507 paulo
1029 2470 1129 2504 post.
1225 2463 1247 2496 4
1272 2464 1460 2509 proxime,

187 2517 207 2544 5
232 2515 393 2549 sublato.
535 2515 556 2541 6
583 2526 662 2550 esse
689 2515 775 2550 sibi.
901 2516 917 2543 7
948 2515 999 2548 in
1025 2522 1184 2549 secreto.
1220 2536 1229 2545 .
1311 2518 1330 2545 3
1357 2519 1455 2564 ipso.

187 2570 208 2596 9
233 2581 321 2603 cum
344 2569 514 2604 Philotas
538 2576 792 2616 torqueretur.
