1703 2961
410 122 492 163 DE
533 119 741 164 GESTIS
770 119 941 160 Aulx.
976 119 1026 168 V,
1061 120 1096 159 1.
1355 117 1438 157 -111

38 254 59 277 ιι
89 251 188 289 gam
218 233 396 275 fortuna
424 233 712 291 compulerat.
773 231 944 285 Quibus
976 230 1227 272 convocatis
1253 229 1445 286 exponit,

86 306 204 347 haud
235 306 436 347 dubitare
467 321 526 354 se,
558 305 664 362 quin
694 303 938 345 Alexander
965 303 1271 344 celeberrimas
1302 301 1444 351 urbes,

85 393 297 435 agrosque
338 378 459 419 omni
497 377 622 433 copia
662 390 811 416 rerum
841 374 1112 416 abundantes
1140 374 1356 431 petiturus
1382 389 1444 415 es-

85 457 171 491 set:
213 450 425 506 praedam
464 450 659 506 opimam
693 455 982 504 paratamque
1016 447 1245 503 ipsamet
1285 446 1444 487 milites

34 538 52 566 s
87 523 177 564 eius
203 529 411 579 spectare.
476 522 526 563 Id
563 521 648 563 suis
679 521 810 562 rebus
846 519 919 560 tali
960 519 1006 560 in
1039 527 1152 560 statu
1181 518 1305 560 saluti
1330 518 1443 566 fore,

35 630 38 633 Α
86 593 248 650 quippe
278 608 322 634 se
350 594 520 635 deserta
548 609 651 635 cum
684 592 879 649 expedita
912 591 1328 648 manu'petiturum.
1370 591 1445 632 Ul-

83 666 191 706 tima
227 666 346 721 regni
390 666 486 707 sui¹
526 666 669 707 adhuc
703 665 866 711 intacta
907 681 1011 715 esse,
1048 663 1300 711 indebello,
1331 662 1444 703 vires

31 749 55 778 <5
80 736 202 779 haud
233 753 360 795 aegre
376 747 706 796 reparaturum.
768 737 1023 794 Occuparet
1045 751 1147 778 sane
1177 751 1328 793 gazam
1359 735 1446 777 avi-

83 810 259 852 dissima
287 826 405 868 gens,
440 818 482 852 et
516 826 565 852 ex
600 809 731 867 longa
770 809 887 850 same
916 809 1091 851 satiaret
1116 824 1160 850 se
1191 824 1311 859 auro,
1330 812 1446 851 'mox

81 884 230 925 futura
268 883 459 939 praedae
499 882 600 924 sibi:
637 897 715 923 usu
755 882 1002 932 didicisse,²
1037 881 1275 938 pretiosam
1307 880 1447 937 supel-

84 956 275 997 lectilem
319 953 579 1011 pellicesque
620 962 664 996 et
701 955 950 1011 spadonum
988 954 1160 1010 agmina
1188 952 1297 994 nihil
1328 952 1446 994 aliud

82 1027 222 1078 fuisse,
249 1042 383 1083 quam
411 1041 544 1067 onera
576 1034 617 1067 et
643 1026 981 1082 impedimenta;
1009 1021 1165 1067 eadem
1195 1023 1447 1067 trahentem

10 1131 15 1140 .
42 1132 46 1137 .
80 1099 390 1149 Alexandrum,
428 1098 584 1155 quibus
612 1098 776 1139 rebus³
811 1105 938 1145 antea
976 1098 1160 1147 vicisset,
1190 1097 1447 1140 inferiorem

28 1185 45 1211 7
79 1171 189 1213 fore.
258 1170 390 1211 Plena
433 1170 638 1212 omnibus
676 1163 1260 1225 desperationis'videbatur
1286 1170 1446 1218 oratio,

82 1244 244 1300 quippe
276 1241 555 1298 Babylona,4
592 1241 750 1282 urbem
788 1241 1190 1297 opulentissimam,
1223 1243 1323 1284 dedi
1356 1257 1448 1286 cer-

80 1315 309 1356 nentibus:
338 1314 431 1354 iam
453 1314 576 1361 Susa,
607 1314 694 1354 iam
719 1321 1155 1362 ceteraornamenta
1178 1316 1314 1373 regni,v
1345 1330 1448 1358 cau-

30 1400 51 1427 8
83 1401 265 1443 samque
295 1386 406 1437 belli,
437 1386 651 1429 victorem
693 1393 1029 1443 occupaturum.
1089 1388 1149 1427 At
1178 1387 1245 1429 ille
1283 1387 1445 1430 docere

83 1459 236 1516 pergit,
275 1474 382 1500 non·
410 1459 605 1516 speciosa
637 1458 784 1505 dictu,
824 1459 900 1500 sed
930 1474 1013 1501 usu
1040 1459 1283 1501 necessaria
1311 1459 1356 1500 in
1381 1469 1447 1501 re‘-

81 1532 163 1572 bus
193 1531 382 1572 adversis
417 1531 637 1588 sequenda
675 1546 786 1571 esse:
828 1530 946 1573 ferro
975 1531 1064 1588 geri
1092 1531 1218 1581 bella,
1249 1548 1342 1574 non
1373 1549 1447 1574 au-

81 1618 157 1652 ro,
193 1603 312 1653 viris,
349 1619 443 1644 non
483 1604 659 1644 urbium
699 1603 843 1653 tectis;
880 1604 1031 1645 o'mnia
1072 1604 1193 1661 sequi
1235 1613 1443 1647 armatos:

82 1675 141 1717 sic
170 1675 360 1716 maiores
395 1691 494 1716 suos
527 1675 750 1732 perculsos
786 1675 830 1715 in
859 1675 1079 1732 principio
1109 1691 1271 1728 rerum,
1300 1677 1448 1719 celeri-

27 1761 52 1794 9
84 1754 152 1788 ter
202 1746 433 1803 pristinam
475 1762 697 1804 reparasse
735 1746 978 1789 fortunam.
1049 1748 1198 1805 Igitur,
1229 1750 1316 1791 sive
1343 1767 1448 1792 con-

83 1819 266 1860 firmatis
309 1834 465 1861 eorum
513 1819 688 1870 animis,
736 1819 822 1861 sive
846 1820 1100 1877 *imperium
1138 1821 1274 1878 magis
1312 1839 1446 1880 quam

85 1891 317 1934 consilium
347 1892 639 1948 sequentibus,
669 1892 844 1933 Mediae
876 1891 983 1933 fines
1015 1893 1228 1949 ingressus
1260 1904 1335 1937 est.

25 1979 71 2002 10
168 1963 305 2005 Paulo
341 1971 443 2019 post
484 1963 732 2006 Alexandro
783 1965 1054 2006 traduntur⁵
1106 1967 1289 2016 Arbela,
1325 1969 1444 2025 regia

22 2061 24 2065 ν
82 2035 380 2093 supellectile⁶
415 2035 580 2092 ditique
607 2051 709 2092 gaza
750 2036 938 2093 repleta:
982 2046 1193 2096 quattuor
1228 2040 1346 2082 milia
1383 2049 1449 2083 ta-

83 2109 255 2150 lentum
293 2107 439 2158 fuere,
476 2115 702 2164 praeterea
743 2110 958 2165 pretiosae
993 2118 1154 2162 vestes,
1195 2112 1349 2164 totius,
1395 2121 1446 2156 ut

85 2196 215 2238 supra
255 2179 425 2222 dictum
467 2187 552 2228 est,
603 2181 814 2224 exercitus
861 2183 1019 2239 opibus
1053 2183 1097 2225 in
1134 2183 1252 2226 illam
1293 2187 1445 2228 sedem

23 2269 68 2293 11
85 2252 338 2316 congestis.¹
389 2253 700 2308 Ingruentibus
747 2254 904 2296 deinde
951 2256 1141 2304 morbis,
1181 2273 1290 2314 quos
1331 2260 1445 2301 odor

85 2320 348 2368 cadax'rerum
387 2324 492 2365 totis
534 2325 770 2367 iacentium
811 2326 1268 2386 campis·vulgaverat,
1302 2338 1446 2373 matu-

84 2397 174 2438 rius
214 2404 354 2438 castra
391 2397 547 2438 movit.
631 2398 851 2440 Euntibus
890 2413 913 2439 a
952 2407 1074 2454 parte
1111 2401 1230 2443 laeva
1266 2402 1442 2452 Arabia,

87 2577 106 2602 1
133 2577 253 2612 abest.
383 2576 606 2613 2 didicisse
632 2590 716 2613 usu.
845 2577 864 2608 3
890 2578 1011 2614 abest.
1138 2583 1162 2614 4
1184 2581 1439 2628 Babylonem,

174 2633 194 2661 5
220 2630 330 2666 codd.
357 2631 525 2667 traditur.
728 2631 748 2657 ⁶
773 2633 1016 2679 supellectili.
