1703 2961
398 118 481 162 DE
502 115 712 160 GEs‘ns
740 113 910 158 ALEx.
941 116 1015 169 v1,
1041 118 1109 162 38.
1368 118 1447 160 189

93 234 288 280 nocentia
326 246 440 280 mea,
480 229 636 270 deinde
674 237 752 269 tua
795 230 1007 270 dexter-11¹
1066 231 1327 274 obtulerant:
1365 248 1450 274 non

95 309 234 355 timui,
264 321 314 347 ne
344 306 444 359 plus
473 304 639 343 alienae
657 301 911 342 crudelitati
939 305 1058 356 apud
1083 314 1126 344 te
1142 306 1303 353 liceret,
1323 320 1451 360 quam

34 396 77 422 ιε
94 380 342 422 clementiae
371 388 484 418 tuae.
547 375 634 416 Sed
663 390 714 414 ne
743 384 786 413 te
815 376 924 414 mihi
949 377 1184 416 credidisse
1211 381 1453 430 poeniteat,

95 466 162 493 res
198 452 256 490 ad
290 466 353 490 me
388 445 662 506 deferebatur
702 462 731 486 a
763 462 910 500 puero,
946 450 1023 501 qui
1054 463 1137 489 non
1175 459 1341 499 testem,
1372 467 1456 493 non

96 527 256 580 pignus
285 523 443 563 indicii
469 521 668 561 exhibere
695 530 887 574 poterat,
916 522 1171 574 impleturus
1201 539 1346 565 omnes
1376 541 1457 564 me-

40 608 158 647 16tu,
187 598 229 637 si
259 597 473 650 coepisset
502 594 660 634 audiri.
727 595 949 635 Amatoris
983 604 1027 635 et
1055 598 1193 636 scorti
1221 598 1364 651 iurgio
1396 600 1457 638 in-

99 671 273 724 terponi
314 682 437 707 aures
474 682 590 707 meas
629 668 800 706 credidi
837 663 1012 724 itffelix„
1040 677 1085 707 et
1102 668 1245 725 fidem
1274 673 1366 711 eius
1391 687 1460 711 su-

99 753 293 798 spectam
321 740 463 787 habui,
483 741 599 795 quod
619 754 703 780 non
721 742 816 794 ipse
847 738 1050 798 deferret,
1077 743 1155 781 sed
1161 738 1356 800 fratrem
1384 760 1460 799 po-

100 818 191 858 tius
232 815 498 855 subornaret.
575 814 742 864 Timui,
780 829 830 853 ne
863 823 1041 867 negaret
1081 818 1305 857 mandasse
1334 819 1458 858 sese²

111 888 332 933 Cebalino,
363 897 408 927 et
435 901 513 939 ego
543 887 719 926 viderer
746 887 894 927 multis
926 889 1156 928 amicorum
1181 892 1298 942 regis
1312 887 1465 948 faisse

43 978 87 1006 17
103 962 287 1017 periculi
314 974 458 1000 causa.
516 960 590 1000 Sic
617 973 782 1014 quoque
811 974 904 998 cum
932 960 1127 1000 laeserim
1155 964 1373 1008 neminem,
1404 966 1468 1003 in·

45 1049 92 1076 18
105 1037 220 1083 veni,
247 1036 324 1090 qui
353 1033 502 1073 mallet
529 1034 672 1086 perire
694 1046 770 1078 me,
791 1046 918 1085 quam
949 1033 1197 1074 incolumem
1217 1051 1331 1075 esse:
1361 1035 1470 1090 quid

108 1108 437 1149 inimicitiarum
472 1106 653 1144 creditis
694 1114 972 1157 excepturum
996 1101 1162 1162 ficisse,
1198 1110 1240 1147 si
1276 1111 1470 1150 insontes

111 1180 403 1222 lacessissent?
431 1181 494 1218 At
520 1180 631 1218 enim
660 1177 856 1217 Dimnus
883 1193 928 1217 se
959 1181 1150 1221 occidit!
1186 1183 1304 1221 Num
1332 1184 1471 1235 igitur

50 1266 98 1297 19
99 1251 327 1314 facturum
358 1266 450 1291 eum
480 1252 684 1291 divinare
711 1250 868 1304 potui?
905 1253 1103 1292 flIinime.
1161 1257 1236 1294 Ita
1264 1257 1380 1309 quod
1407 1270 1472 1297 so-

114 1329 200 1367 lum
227 1326 391 1366 indicio
419 1324 561 1380 fidem
577 1320 713 1381 fecit,
743 1325 792 1363 id
823 1338 900 1368 me,
931 1340 1024 1364 cum
1055 1341 1082 1366 a
1115 1326 1315 1371 Cebalino
1340 1331 1474 1370 inter·

115 1401 305 1455 peilatus
331 1413 434 1445 sum,
462 1411 632 1438 movere
664 1411 747 1437 non
771 1405 961 1450 poterat.

49 1491 100 1518 20
192 1475 255 1514 At
291 1471 472 1517 hercule,
510 1471 552 1510 si
585 1472 779 1511 conscius
817 1470 987 1511 Damno
1017 1473 1134 1512 tanti
1163 1475 1335 1514 sceleris
1361 1471 1537 1532 fuis-39

121 1561 221 1593 sem,
248 1545 378 1584 biduo
409 1544 485 1584 illo
511 1545 718 1596 proditos
755 1558 845 1582 esse
873 1557 964 1589 nos,
995 1545 1270 1586 dissimulare
1299 1562 1382 1588 non
1408 1549 1480 1587 de-

122 1618 215 1658 bui.-
246 1617 473 1658 Cebalinus
509 1617 604 1669 ipse
643 1617 745 1656 tolli
785 1617 838 1655 de
867 1617 1008 1657 medio
1038 1619 1269 1674 nulloque³
1305 1623 1479 1674 negotio

58 1708 104 1733 21
121 1691 279 1745 potuit.
338 1690 577 1743 Denique4
612 1698 717 1743 post
750 1687 938 1728 delatum
968 1691 1185 1740 indicium,
1219 1708 1301 1748 quo
1319 1695 1481 1747 peritu-

122 1779 196 1804 rus
224 1777 355 1810 eram,
392 1761 630 1801 cubiculum
669 1763 788 1814 regis
811 1762 927 1802 solus
953 1763 1134 1813 intravi,
1148 1762 1280 1822 ferro
1299 1769 1484 1822 *quidem

124 1837 305 1877 cinctus.
366 1835 452 1876 Cur
476 1835 633 1874 dist-uli
648 1830 862 1891 facinus?
888 1837 958 1875 An
974 1839 1066 1877 sine
1083 1840 1254 1880 Dimno
1279 1855 1363 1881 non
1391 1856 1484 1880 sum

63 1927 111 1950 22
128 1910 285 1950 ausus?
319 1908 400 1948 Ille
435 1909 576 1960 igitur
613 1909 816 1961 princeps
851 1910 1163 1952 coniurationis
1175 1909 1308 1971 suit!
1335 1914 1411 1953 sub
1437 1915 1486 1953 il-

125 1984 212 2024 lius
238 1982 387 2022 umbra
417 1981 624 2021 Philotas
663 1981 862 2030 latebam,
900 1984 976 2036 qui
1001 1998 1174 2036 regnum
1203 1989 1488 2028 Macedonum

130 2053 318 2113 affecto!
343 2053 536 2108 Ecquis⁵
585 2069 608 2092 e
650 2054 778 2095 vobis
817 2066 1042 2109 corruptus
1081 2068 1148 2098 est
1175 2060 1331 2100 donis?
1366 2075 1488 2116 chem

130 2130 292 2177 ducem,
324 2141 447 2181 quem
486 2122 757 2181 praefectum
800 2130 1030 2182 impensius
1060 2132 1204 2173 colui?
1253 2135 1374 2172 Mihi
1399 2135 1490 2188 qui-

133 2202 229 2242 dem
257 2200 472 2247 obiicitur,
512 2200 630 2253 quod
665 2203 918 2242 societatem
946 2204 1089 2255 patrii
1117 2207 1325 2246 sermonis
1350 2221 1492 2259 asper-

135 2288 226 2321 ner,
244 2274 359 2328 quod
385 2273 671 2312 Μαι-ειίοιιιιιη
702 2289 838 2314 mores
854 2271 1116 2330 fastidiam.
1185 2279 1259 2318 Sic
1286 2294 1388 2332 ergo
1417 2281 1493 2318 im-

76 2351 124 2386 23
136 2346 273 2398 perio,
307 2347 422 2400 quod
455 2346 680 2398 dedignor,
715 2349 943 2388 immineo!
994 2351 1088 2388 Iam
1115 2353 1286 2405 pridem
1315 2353 1495 2393 nativus

138 2417 212 2457 ille
238 2433 372 2459 sermo
409 2421 660 2460 commercio
701 2421 886 2473 allamma
915 2424 1109 2476 gentium
1145 2426 1362 2467 exolevit:
1403 2436 1494 2466 tam

830 2536 834 2553 k

142 2552 159 2576 1
187 2551 318 2585 dextra
340 2558 416 2586 tua.
631 2555 650 2581 2
674 2567 726 2590 se.
926 2558 943 2589 3
971 2559 1094 2593 nullo.
1293 2562 1316 2593 4
1343 2560 1492 2594 deinde.

229 2606 248 2635 ⁵
274 2605 321 2638 Et
348 2607 442 2651 quis,
