1703 2961
182 123 267 169 372
650 119 710 177 Q.
741 119 951 164 CUR'rn
981 120 1122 164 mm

188 234 296 292 quid
327 233 383 275 de
411 247 512 291 rege
539 233 781 284 meruisset,
801 234 1028 276 neminem
1059 242 1209 276 autem
1233 234 1270 277 ei
1299 236 1401 278 satis
1417 236 1556 278 fidum
1587 249 1609 275 2

191 322 295 357 esse,
325 320 459 363 quem
496 313 680 348 metuat.
749 306 843 347 Rex
872 306 1122 362 patiebatur
1148 308 1297 364 magis,
1332 324 1466 366 quam
1497 324 1560 350 as-

191 378 477 421 sentiebatur.
547 379 698 437 ltaque
734 378 955 434 Meleager
1000 378 1218 420 silentium
1254 395 1336 436 pro
1371 381 1558 438 imperio

192 451 363 498 habuit,
394 451 601 507 misitque
633 450 743 507 regis
781 451 976 498 nomine,
1013 450 1086 508 qui
1126 451 1384 494 Perdiccam
1414 467 1561 494 accer-

192 531 352 565 serent.
419 522 578 564 lisdem
617 522 894 570 mandatum,
931 530 979 564 ut
1020 522 1297 572 occiderent,
1340 524 1372 565 si
1413 524 1560 565 venire
1593 537 1612 565 3

193 595 430 637 dubitaret.
486 592 708 642 Perdicca,
738 596 940 636 nuntiato
969 594 1206 637 satellitum
1239 595 1440 646 adventu,
1473 611 1562 638 sex-

195 666 342 709 decim
370 664 555 708 omnino
587 664 733 721 pueris
768 667 910 722 regiae
951 667 1146 709 cohortis
1179 668 1413 709 comitatus
1442 669 1486 709 in
1516 668 1563 709 li-

194 739 315 781 mine
348 738 506 779 domus
538 752 641 778 suae
673 737 884 784 constitit,
917 739 1250 796 castigatosque,
1280 748 1324 781 et
1351 740 1560 796 Meleagri

194 810 417 867 mancipia
466 809 711 853 identidem
759 810 1004 866 appellans,
1053 812 1114 854 sic
1156 813 1291 854 animi
1329 812 1562 869 vultusque

195 882 442 924 constantia
483 882 662 933 terruit,
701 889 751 924 ut
790 883 856 924 vix
893 884 1054 925 mentis
1086 892 1317 942 compotes
1345 885 1561 942 fugerent.

194 955 408 997 Perdicca
457 969 619 1010 pueros
671 970 807 1012 equos
858 957 979 998 iussit
1025 957 1342 1008 conscendere,
1380 965 1424 998 et
1460 970 1565 998 cum
1592 968 1616 994 4

194 1027 347 1084 paucis
376 1027 626 1069 amicorum
655 1027 711 1069 ad
740 1029 1022 1071 Leonnatum
1048 1029 1260 1087 pervenit,
1290 1030 1376 1071 iam
1400 1027 1564 1069 firmio-

193 1115 241 1141 re
271 1100 487 1155 praesidio
519 1099 610 1139 vim
643 1100 993 1156 propulsaturus‚
1024 1103 1055 1144 si
1097 1103 1191 1160 quis
1229 1101 1424 1143 inferret.
1480 1100 1562 1141 Po·
1596 1111 1614 1140 s

194 1176 343 1213 stera¹
388 1172 458 1213 die
501 1170 680 1227 indigna
718 1186 786 1212 res
823 1174 1146 1216 Macedonibus
1184 1175 1436 1223 videbatur,
1463 1173 1565 1214 Per-

196 1244 371 1286 diccam
409 1244 466 1285 ad
504 1243 660 1284 mortis
697 1243 944 1299 periculum
981 1245 1235 1295 adductum,
1276 1253 1321 1288 et
1358 1244 1562 1301 Meleagri

194 1316 494 1358 temeritatem
527 1315 658 1358 armis
689 1314 833 1356 ultum
870 1315 932 1356 ire
965 1316 1264 1359 decreverant.
1320 1318 1466 1373 Atque
1494 1316 1563 1356 ille
1595 1323 1619 1352 6

195 1389 409 1430 seditione
442 1387 626 1443 provisa,
661 1403 764 1430 cum
793 1402 942 1443 regem
964 1388 1132 1439 adisset,
1167 1389 1438 1446 interrogare
1461 1403 1564 1428 eum

196 1461 358 1517 coepit,
391 1476 447 1502 an
478 1461 738 1502 Perdiccam
769 1461 1090 1518 comprehendi
1120 1463 1210 1518 ipse
1241 1450 1442 1502 iussisset.
1490 1460 1564 1502 Ille

195 1534 407 1590 Meleagri
442 1534 651 1575 instinctu
684 1548 728 1574 se
760 1533 927 1574 iussisse
958 1535 1205 1590 respondit:
1237 1541 1435 1576 ceterum
1472 1548 1565 1574 non

197 1606 360 1646 debere
390 1605 649 1646 tumultuari
680 1621 765 1655 eos,
798 1605 1056 1647 Perdiccam
1090 1606 1207 1647 enim
1237 1606 1395 1648 vivere.

131 1677 187 1719 26
282 1679 416 1735 Igitur
445 1678 655 1721 contione
685 1677 858 1719 dimissa
883 1678 1116 1734 Meleager,
1146 1678 1345 1734 equitum
1375 1676 1566 1719 maxime
1599 1689 1616 1717 7

197 1750 447 1792 defectione
487 1752 767 1808 perterritus,
815 1751 1031 1807 inopsque
1068 1749 1256 1800 consilii,
1301 1749 1483 1807 (quippe
1519 1750 1565 1791 in

196 1822 342 1879 ipsum
379 1823 627 1881 periculum
665 1823 896 1872 reciderat,
939 1822 1059 1879 quod
1090 1821 1270 1863 inimico
1301 1821 1432 1878 paulo
1464 1829 1566 1862 ante

198 1895 482 1947 intenderat,)
522 1895 719 1936 triduum
749 1894 843 1936 fere
883 1895 1157 1951 consumpsit:
1187 1895 1354 1935 incerta
1386 1893 1564 1935 consilia

199 1968 430 2010 volvendo.
497 1968 557 2009 Et
598 1968 779 2024 pristina
816 1966 998 2024 quidem
1034 1966 1176 2022 regiae
1216 1966 1380 2023 species
1419 1981 1568 2007 mane·

199 2040 296 2083 bat:
327 2058 431 2083 nam
475 2048 518 2081 et
553 2040 682 2096 legati
718 2040 915 2097 gentium
949 2054 1097 2095 regem
1125 2039 1315 2088 adibant,
1349 2046 1393 2079 et
1422 2038 1565 2094 copia·
1597 2050 1617 2078 8

198 2128 299 2154 rum
329 2114 462 2156 duces
489 2112 684 2163 aderant,
719 2120 762 2154 et
792 2111 1057 2154 vestibulum
1085 2111 1286 2152 satellites
1320 2110 1565 2167 armatique

200 2187 542 2242 compleverant.
603 2185 691 2229 Sed
731 2186 880 2241 ingens
921 2199 997 2225 sua
1027 2191 1184 2240 sponte
1222 2182 1437 2224 maestitia
1470 2182 1567 2224 ulti·
1598 2195 1618 2226 9

198 2273 298 2300 mae
331 2257 646 2315 desperationis
669 2257 798 2299 index
826 2264 929 2306 erat,
957 2256 1235 2313 suspectique
1263 2256 1451 2296 invicem
1474 2270 1566 2295 non

199 2331 320 2372 adire
350 2332 542 2388 propius,
580 2346 672 2372 non
710 2329 899 2385 colloqui
929 2327 1164 2375 audebant,
1190 2334 1377 2369 secretas
1409 2327 1569 2383 cogita-

199 2404 344 2446 tiones
373 2404 486 2445 intra
517 2419 561 2444 se
594 2417 771 2459 quoque
802 2401 1053 2449 volvente‚²
1084 2407 1126 2440 et
1156 2415 1206 2441 ex
1233 2400 1566 2455 comparatione

198 2476 310 2532 regis
338 2476 440 2517 novi
471 2475 737 2519 desiderium
777 2473 1049 2516 excitabatur
1077 2471 1233 2513 amissi.
1289 2471 1376 2514 Ubi
1407 2471 1475 2514 ille
1505 2485 1630 2513 es-xo

202 2631 220 2655 ¹
244 2636 413 2678 postero.
619 2628 640 2656 2
664 2631 723 2666 Ex
758 2626 1058 2666 emendationes
1093 2625 1303 2660 volventes.
