1703 2961
414 126 497 167 DE
538 122 748 167 Gsss‘ris
778 120 948 163 ALEx.
976 121 1030 172 V,
1060 122 1125 164 12.
1382 115 1462 156 123

13 229 15 235 ¹
44 257 90 281 αι
110 237 377 281 recidebant.
430 237 524 278 Nec
561 242 675 276 stare
714 247 816 289 ergo
847 239 1065 287 poterant,
1086 236 1096 256 ¹
1130 247 1212 273 nec
1246 228 1340 275 niti,
1371 229 1458 268 ne-²

110 309 327 354 testudine
362 307 543 365 quidem
587 305 769 363 protegi,
818 320 921 347 cum
971 312 1119 346 tantae
1154 303 1280 346 molis
1328 314 1461 342 onera

108 380 401 439 propellerent
441 378 630 425 barbari.
692 377 858 434 Regem
896 393 986 418 non
1026 376 1152 418 dolor
1193 374 1344 422 modo,
1386 371 1462 413 sed

107 453 240 500 etiam
280 451 425 508 pudor
463 458 628 491 temere
663 449 707 490 in
746 449 835 490 illas
872 448 1087 503 angustias
1114 445 1270 488 eiecti³
1307 442 1465 488 exerci-

46 532 175 567 22tus
206 523 404 580 angebat.
470 522 659 566 Invictus
699 521 753 566 ad
784 536 883 562 eam
912 520 1028 562 diem
1057 519 1214 567 fuerat,
1241 514 1349 562 nihil
1376 513 1466 555 sru-

106 605 195 640 stra
226 610 375 641 ausus:
419 595 599 650 impune
631 591 810 635 Ciliciae
840 592 990 634 fauces
1018 592 1274 639 intraverat,
1305 587 1464 635 mare‘*

108 683 285 726 quoque
311 681 478 708 novum
514 665 560 706 in
594 665 902 723 Pamphyliam
934 665 1046 706 iter⁵
1078 667 1325 717 aperuerat:
1355 665 1462 706 tunc

107 740 352 783 haesitabat
392 737 661 793 deprehensa
708 737 903 787 felicitas,
943 752 1026 778 nec
1062 734 1179 777 aliud
1218 730 1464 776 remedium

47 827 93 856 23
110 820 217 860 erat,
257 826 392 868 quam
430 810 589 852 reverti
629 825 712 867 qua
749 816 939 851 venerat.
1008 809 1161 864 Itaque
1199 805 1320 861 signo
1347 816 1467 847 rece-

46 1110 93 1142 Ν.

105 884 202 942 ptui
233 883 350 934 dato,
384 882 572 924 densatis
614 882 884 932 ordinibus,⁶
915 881 1135 937 scutisque
1165 891 1296 934 super
1322 873 1466 930 capita

108 955 329 1004 consertis,
368 962 486 996 retro
523 954 707 996 evadere
744 969 794 995 ex
821 953 1025 1011 angustiis
1053 952 1187 994 iubet.
1233 961 1316 999 xxx
1342 946 1467 990 fuere

106 1027 255 1075 stadia,
289 1042 400 1083 quae
429 1026 616 1068 remensi
647 1032 760 1068 sunt.

191 1100 310 1147 Tum
341 1099 491 1140 castris
520 1099 714 1155 undique
742 1105 895 1155 aperto
926 1097 1028 1140 loco
1055 1094 1220 1153 positiS,
1247 1108 1340 1135 non
1361 1089 1531 1134 con-13

108 1170 269 1212 sultare
296 1169 434 1211 modo
476 1170 581 1227 quid
618 1170 838 1227 agendum
879 1179 1004 1219 esset,
1034 1170 1111 1212 sed
1141 1175 1260 1210 vates
1290 1180 1469 1223 quoque

107 1242 317 1285 adhibere
369 1242 518 1306 coepit
567 1257 590 1284 a
638 1241 943 1297 superstitione
991 1241 1142 1283 animi.
1231 1239 1320 1283 Sed
1362 1235 1469 1294 quid

60 1312 70 1323 ⁶
107 1318 234 1356 tum⁷
285 1314 537 1369 praedicere
585 1312 856 1362 Aristander,
896 1313 964 1356 cui
1001 1311 1274 1369 plurimum⁸
1322 1309 1470 1352 crede-

106 1387 211 1428 bat9
242 1401 291 1434 ex
330 1387 514 1434 vatibus,
549 1387 751 1443 poterat?
817 1387 971 1443 Itaque
1010 1385 1228 1427 damnatis
1256 1383 1471 1438 intempe-

106 1459 223 1502 stivis
253 1457 485 1509 sacrifieiis,
514 1459 677 1513 peritos
705 1458 910 1500 locorum
942 1457 1177 1500 convocari
1206 1456 1341 1497 iubet.
1387 1454 1472 1494 Per

106 1530 302 1572 Mediam
331 1529 414 1570 iter
443 1531 736 1571 ostendebant
763 1538 909 1577 tutum
942 1538 1253 1586 apertumque:
1291 1527 1367 1569 sed
1396 1542 1471 1568 rex

109 1602 370 1651 desererem
411 1602 572 1643 milites
610 1601 851 1657 insepultos
881 1602 1181 1650 erubescebat,
1212 1602 1272 1642 ita
1305 1599 1470 1641 tradito

106 1689 249 1725 more,
278 1680 328 1714 ut
357 1673 425 1720 vix
462 1674 599 1715 ullum
632 1672 815 1714 militiae
859 1681 952 1715 tam
988 1673 1199 1721 sollemne
1237 1679 1349 1719 esset
1376 1686 1473 1712 mu-

107 1761 203 1795 nus,
242 1760 378 1803 quam
411 1745 626 1787 humandi
663 1760 778 1786 suos,
848 1745 1059 1802 Captivos
1102 1760 1220 1802 σει-ἕο,
1252 1759 1362 1801 quos
1392 1759 1474 1784 nu-

107 1833 187 1876 per
221 1823 461 1874 exceperat,
496 1816 644 1864 vocari
683 1817 829 1865 iubetz,
863 1817 978 1859 inter
1017 1832 1128 1875 quos
1165 1824 1260 1858 erat
1289 1816 1472 1873 quidam

110 1891 307 1934 Graecae
344 1888 629 1945 Persicaeque
664 1889 833 1944 linguae
863 1889 1044 1946 peritus,
1074 1889 1148 1946 qui
1176 1888 1336 1930 frustra
1369 1904 1472 1930 eum

114 1963 160 2010 in
198 1961 423 2004 Persidem
465 1961 688 2002 montium
738 1961 870 2003 dorso
914 1961 1155 2009 exercitum
1204 1962 1365 2003 ducere
1412 1960 1474 2001 af-

111 2033 281 2074 firmat:
338 2032 548 2074 silvestres
609 2047 699 2074 esse
756 2033 902 2084 calles,
950 2033 1018 2075 vix
1060 2033 1233 2089 singulis
1278 2032 1473 2088 pervios;

113 2104 264 2147 omnia
286 2104 459 2160 contegi
483 2103 730 2155 frondibus,
760 2106 1060 2163 implexosque
1091 2106 1304 2153 arborum
1325 2120 1474 2153 ramos

112 2178 234 2220 silvas
265 2177 559 2219 committere.
834 2167 835 2171 ¹

193 2250 398 2305 Namque
419 2249 558 2290 Persis
589 2249 642 2290 ab
674 2249 810 2290 altero
838 2248 973 2290 latere
1002 2248 1222 2306 perpetuis
1249 2249 1474 2292 montium

113 2321 221 2378 iugis
253 2320 482 2371 clauditur,
523 2321 644 2378 quod
681 2321 726 2362 in
764 2310 1086 2378 longitudinem
1116 2335 1224 2374 MDC,
1255 2323 1301 2372 in
1331 2322 1476 2364 latitu-⁴

113 2466 128 2490 ¹
157 2477 234 2499 non
258 2464 294 2498 Ιι.
320 2464 346 2498 Ζ.
369 2463 438 2498 sed
457 2473 547 2512 post
571 2465 720 2512 protegi
745 2464 972 2503 collocatur.
1045 2465 1066 2492 2
1090 2477 1176 2501 nec.
1244 2466 1264 2497 3
1292 2467 1472 2501 coniecti.

201 2520 224 2550 4
250 2518 359 2552 mati.
560 2520 579 2548 ⁵
605 2519 678 2553 iter
703 2519 746 2552 in
771 2519 1052 2564 Pamphyliam.
1203 2521 1224 2546 6
1244 2522 1471 2567 agminibus.

203 2571 221 2600 7
250 2580 355 2606 tunc.
533 2573 551 2602 8
578 2574 640 2608 cui
672 2580 770 2607 tum
793 2573 1014 2619 plurimum.
1032 2601 1046 2622 ἱ
1185 2577 1208 2603 9
1232 2576 1470 2617 credebatur.

203 2627 246 2652 ¹0
271 2626 472 2662 dimittere.
