1703 2961
224 124 280 165 32
671 120 728 176 Q.
760 119 962 164 CURTII
992 123 1130 166 mm

226 235 422 293 captivae
464 240 606 275 mater
643 236 916 292 coniunxque
949 235 1103 277 Darei:
1138 236 1204 277 illa
1237 253 1326 280 non
1352 239 1577 283 maiestate

223 308 381 354 solum,
419 307 494 348 sed
521 306 653 348 etiam
688 313 828 347 aetate
856 307 1124 358 venerabilis,
1154 308 1263 352 haec
1290 310 1460 354 formae
1485 314 1578 371 pul-

223 378 483 428 chritudine,
524 394 580 420 ne
610 382 623 403 ¹
668 378 735 419 illa
779 377 955 435 quidem
987 385 1103 420 sorte
1142 391 1388 439 corruptae.
1415 387 1434 410 2
1492 387 1578 427 Re-

222 459 399 508 ceperat
421 452 437 478 ³
472 450 516 491 in
545 451 690 492 sinum
721 449 858 492 filium
885 452 1088 492 nondum
1111 461 1281 494 sextum
1314 469 1478 496 annum
1508 472 1576 499 ae-

219 523 320 564 tatis
344 527 366 550 4
411 537 649 578 egressum,
688 522 732 562 in
763 537 885 578 spem
919 531 1064 563 tantae
1099 523 1324 575 fortunae,
1363 536 1576 583 quantam

219 602 345 652 pater
381 595 471 636 eius
509 594 639 651 paulo
680 601 780 636 ante
807 597 820 623 5
879 595 1103 644 amiserat,
1148 597 1355 652 genitum.
1436 600 1495 640 At
1532 599 1575 641 in

217 667 385 724 gremio
428 682 535 708 anus
575 667 694 708 aviae
732 667 935 709 iacebant
972 667 1144 709 adultae
1183 668 1293 710 duae
1329 670 1525 726 virgines,
1550 674 1632 706 ‘²⁵
1683 673 1687 690 ²

217 755 308 780 non
336 755 414 780 suo
453 746 642 786 tantum,
682 738 758 780 sed
793 739 925 780 etiam
957 739 1065 781 illius
1104 755 1304 782 maerore
1334 743 1576 785 confectae.

214 812 373 867 Ingens
408 811 520 852 circa
561 826 660 851 eam
694 810 908 852 nobilium
943 810 1209 854 feminarum
1250 814 1378 856 turba
1417 816 1576 856 consti-

214 890 342 931 terat,
393 883 590 924 laceratis
639 882 843 933 crinibus,
890 883 1144 940 abscisaque
1172 887 1190 910 ⁷
1237 892 1367 935 veste,
1404 885 1574 941 pristini

216 954 386 996 decoris
416 954 711 1005 immemores,
750 955 918 1011 reginas
949 955 1248 1013 dominasque,
1279 956 1391 998 veris
1436 973 1576 1014 quon-

215 1026 330 1076 dam,
366 1034 472 1068 tunc
515 1027 661 1068 alienis
699 1027 951 1068 nominibus
985 1027 1253 1069 invocantes.
1320 1028 1433 1079 Illae,
1473 1036 1639 1072 suae26

213 1099 472 1141 calamitatis
509 1099 694 1147 oblitae,
731 1099 776 1141 in
804 1102 819 1128 ⁸
862 1107 962 1140 utro
997 1114 1137 1140 cornu
1175 1101 1344 1142 Dareus
1390 1101 1575 1143 stetisset

212 1186 326 1227 quae
366 1170 544 1212 fortuna
583 1171 843 1213 discriminis
881 1171 1055 1221 fuisset,
1113 1173 1405 1229 requirebant.
1490 1174 1575 1214 Ne-

209 1242 374 1298 gabant
419 1258 464 1284 se
517 1251 680 1300 captas,
722 1243 755 1284 si
793 1243 956 1285 viveret
997 1259 1080 1284 rex.
1147 1245 1233 1286 Sed
1274 1243 1396 1285 illum
1438 1260 1573 1302 equos

210 1314 394 1358 subinde
421 1323 670 1356 mutantem
705 1315 874 1371 longius
896 1315 996 1372 fuga
1030 1315 1279 1359 abstulerat.

295 1388 348 1428 In
385 1387 477 1428 acie
513 1395 661 1428 autem
699 1403 821 1429 caesa
859 1395 959 1428 sunt
987 1387 1218 1428 Persarum
1247 1388 1445 1444 peditum
1472 1403 1629 1432 cen-27
1686 1383 1689 1418 ἕ

208 1467 305 1501 tum
348 1458 480 1505 milia,
513 1459 667 1500 decem
708 1459 946 1515 equitum.9
1014 1460 1074 1500 At
1106 1474 1128 1499 a
1151 1463 1193 1483 ¹0
1236 1467 1360 1515 parte
1390 1459 1572 1500 Alexan—

209 1531 275 1572 dri
315 1537 526 1588 quattuor
571 1537 616 1570 et
655 1530 878 1586 quingenti
915 1530 1049 1572 saucii
1084 1533 1226 1582 tuere,
1265 1547 1316 1572 ex
1352 1531 1572 1587 peditibus

206 1603 384 1659 triginta
419 1601 604 1643 omnino
643 1609 687 1642 et
728 1603 874 1642 duo¹¹
922 1602 1152 1643 desiderati
1191 1611 1311 1653 sunt,
1368 1603 1566 1659 equitum

208 1682 388 1716 centum
435 1673 747 1730 quinquaginta
794 1673 1025 1716 interfecti.
1112 1674 1301 1715 Tantulo
1341 1674 1566 1731 impendio

205 1747 355 1804 ingens
381 1745 565 1788 victoria
595 1744 723 1786 stetit.

140 1871 195 1914 30
311 1865 405 1906 Rex
454 1862 707 1920 quidem‚¹²
748 1862 945 1905 Dareum
989 1862 1293 1920 persequendo
1343 1861 1644 1920 fatigatus‚x11.
1687 1871 1690 1879 “

202 1937 500 1995 postquam¹³
552 1943 595 1976 et
643 1951 731 1976 nox
783 1936 1040 1993 appetebat,
1093 1943 1135 1977 et
1194 1935 1487 1992 consequendi
1517 1938 1563 1963 ¹4

204 2025 302 2066 spes
331 2024 423 2050 non
454 2015 560 2058 erat,
600 2007 645 2048 in
690 2015 828 2050 castra
857 2008 988 2064 paulo
1020 2015 1120 2048 ante
1148 2022 1171 2048 3
1201 2007 1286 2047 suis
1313 2014 1439 2064 capta
1467 2022 1565 2064 per-

203 2079 330 2124 venit.
397 2078 575 2121 Invitari
615 2078 772 2122 deinde
803 2079 981 2130 amicos,
1009 2079 1166 2137 quibus
1194 2079 1383 2121 maxime
1421 2095 1560 2121 assue-
1591 2099 1611 2121 2

1425 2159 1560 2199 verat,

203 2300 223 2324 1
251 2309 337 2333 nec.
476 2295 498 2322 2
525 2304 715 2344 corrupta.
836 2294 855 2327 3
883 2302 1094 2344 acceperat.
1206 2296 1228 2326 4
1256 2295 1385 2330 aetatis
1403 2306 1559 2330 annum.

289 2354 309 2381 5
334 2351 451 2398 paulo
480 2360 568 2385 ame
593 2360 700 2397 pater
726 2351 817 2385 eius.
944 2350 964 2374 ⁶
986 2352 1148 2396 virgines
1176 2349 1285 2383 duae.
1438 2351 1455 2378 7
1494 2352 1559 2384 ab·

290 2406 495 2450 scissaque.
700 2406 718 2433 8
746 2405 868 2439 abest.
1069 2405 1090 2431 9
1119 2404 1250 2436 decem
1277 2414 1392 2436 vero
1419 2404 1558 2438 milia

288 2459 573 2494 interfecta
600 2459 783 2504 equitum.
912 2458 953 2483 10
982 2469 1039 2490 ex.
1159 2458 1197 2481 11
1229 2458 1308 2501 trig.
1335 2459 1494 2491 omnino
1522 2466 1557 2491 et

291 2514 368 2546 duo
395 2523 441 2545 ex
466 2513 672 2558 peditibus·
899 2512 939 2536 12
966 2514 1027 2545 Iis,
1054 2511 1221 2554 emend,
1250 2511 1357 2546 codd.
1386 2513 1449 2556 qui
1477 2512 1555 2554 diu,

287 2568 414 2612 vulgo,
442 2569 579 2599 omissa
613 2567 745 2599 altera
770 2566 916 2608 vocula,
944 2567 1022 2599 diu.
1227 2565 1265 2594 ⁴¹3
1293 2574 1555 2610 posteaquam,

289 2621 332 2652 14
366 2627 403 2653 et
428 2631 528 2653 eum
553 2619 792 2665 assequendi.
