1703 2961
512 83 980 133 PRAEFATIO.
1322 103 1449 132 xxm

88 210 228 266 bunt,
256 210 387 255 sicut
410 205 750 269 typographO,
774 206 913 268 quod
941 222 1056 270 pag.
1084 210 1125 265 9,
1161 221 1236 253 nr.
1267 208 1338 254 15.
1358 224 1445 268 pa-

85 286 191 320 rent
213 290 310 336 pro
337 283 517 336 parant
540 274 787 334 peccavit,
817 285 867 318 et
902 274 942 318 si
968 271 1099 317 forte
1133 271 1271 333 quod
1307 271 1444 318 aliud

83 335 297 401 σφάλμα
320 338 496 384 oculos
528 350 731 383 nostros
755 339 977 398 quamvis
1005 339 1234 383 curiosos
1257 337 1442 400 elingit.

212 406 274 451 Et
306 405 433 449 haec
466 402 671 464 quidem
704 403 967 450 hactenus.
1036 402 1135 449 Sed
1170 415 1320 448 erunt
1340 402 1442 447 for-

86 482 241 526 tasse,
285 471 371 531 qui
406 484 522 514 cum
556 467 619 514 de
656 483 790 513 nova
823 470 981 515 Curtii
1017 470 1318 514 recensione
1355 484 1442 513 au·

86 535 320 592 diverint,
366 545 415 579 et
456 533 641 578 frustra
686 549 812 578 num
856 534 1070 579 lacunae
1112 534 1349 594 expletae
1394 544 1443 578 et

86 614 278 645 errores
313 599 664 661 geographici,
709 611 928 660 propter
969 614 1097 660 quos
1143 600 1324 644 acriter
1356 598 1441 643 hic

84 677 261 710 auctor
296 666 519 710 accusari
552 664 693 720 solet,
727 664 964 710 codicum
999 679 1101 725 ope
1126 664 1306 709 sublati
1331 665 1442 720 sint,

89 731 427 790 quaesiverint
449 764 461 786 ‚
524 744 731 774 omnem
781 729 921 776 hunc
979 730 1208 775 laborem
1272 741 1442 774 conte-

80 806 281 851 mnant,
325 807 373 839 et
406 796 604 855 pueris,
637 810 744 840 non
791 797 932 852 viris,
969 796 1147 840 utilem
1182 805 1437 839 censeant.

81 860 171 906 His
205 876 312 904 non
349 859 583 919 equidem
615 875 696 905 me
728 859 1020 906 defendam:
1058 862 1175 905 satis
1197 859 1319 904 mihi
1348 861 1442 904 erit

83 923 455 987 elegantissimo
502 927 648 999 operi
686 927 961 986 pristinum
1003 925 1223 969 nitorem
1261 940 1442 986 magna

81 1006 143 1036 ex
170 1003 315 1051 parte
344 991 636 1046 restituisse,
665 1002 713 1034 et
738 992 1020 1035 Latinitatis
1053 1005 1202 1035 verae
1239 1005 1297 1035 ac
1334 1005 1441 1051 ger-

79 1071 260 1101 manae
296 1054 529 1100 studiosis
569 1053 857 1113 tradidisse,
900 1071 1003 1116 quo
1048 1054 1266 1130 legendo
1306 1053 1441 1099 deie-

81 1132 280 1167 ctentur
311 1132 361 1165 et
395 1121 446 1164 in
481 1135 564 1176 ea,
602 1135 755 1181 quam
790 1131 1045 1182 expetant,
1075 1122 1285 1165 scientia
1320 1136 1440 1180 pro-

79 1184 267 1232 ficiant.
344 1185 670 1245 Quamquam
726 1201 792 1230 ne
840 1186 904 1231 ad
953 1186 1195 1231 historiae
1233 1184 1441 1246 quidem

80 1253 426 1313 cognitionem
477 1262 563 1295 aut
612 1252 724 1312 ipse
769 1249 972 1298 Curtius
1019 1263 1105 1296 aut
1146 1251 1274 1296 haec
1318 1266 1441 1295 cura

78 1319 252 1362 nostra
293 1316 486 1361 inutilis
539 1317 647 1361 erit.
715 1316 890 1362 Sentio
945 1318 1080 1362 enim
1115 1332 1197 1362 me
1227 1331 1343 1362 eum
1377 1314 1441 1361 ad

79 1380 254 1427 locum
294 1380 518 1426 delatum
563 1396 695 1438 esse,
750 1397 903 1441 quem
940 1397 1050 1426 non
1098 1380 1261 1426 debeo
1312 1382 1441 1426 inta-

81 1459 218 1492 ctum
237 1448 529 1506 praeterire,
552 1458 608 1491 ut
631 1462 902 1507 exponam,
933 1462 1032 1506 qua
1066 1458 1229 1492 aetate
1256 1448 1438 1492 vixisse

80 1513 324 1567 Curtium,
345 1526 602 1570 quemque
635 1511 810 1556 locum
842 1514 973 1556 inter
1006 1527 1175 1556 rerum
1206 1523 1437 1557 auctores

79 1588 251 1621 tenere
291 1577 584 1621 existimem.
650 1577 723 1620 Ea
762 1575 823 1620 de
862 1590 916 1620 re
959 1576 1103 1621 valde
1147 1576 1438 1637 discrepare

75 1640 344 1685 hominum
379 1639 648 1684 doctorum
684 1641 957 1700 opiniones
990 1640 1191 1686 abunde
1224 1654 1436 1687 constat.

76 1706 228 1752 Velut
261 1707 313 1749 in
346 1703 442 1749 hac
476 1706 589 1765 ipsa
623 1704 748 1749 urbe
782 1707 1079 1766 nuperrime
1115 1718 1214 1752 tres
1249 1709 1355 1764 viri,
1385 1709 1439 1752 in

80 1785 171 1816 suo
208 1772 422 1830 quisque
457 1785 643 1830 genere
675 1771 999 1827 excellentes,
1030 1771 1292 1817 doctrinae
1321 1788 1436 1818 vero

79 1848 130 1882 et
162 1837 348 1897 ingenii
391 1835 539 1880 laude
573 1837 763 1896 pariter
796 1836 1049 1892 florentes,
1078 1836 1437 1883 diversissimas

81 1917 140 1946 ea
171 1901 234 1946 de
268 1915 321 1945 re
355 1902 628 1945 sententias
666 1901 913 1956 tulerunt,
959 1900 1080 1946 dum
1118 1904 1348 1948 Curtium
1378 1904 1437 1948 A.

77 1965 268 2011 Hirtius
304 1964 367 2010 ad
399 1965 633 2027 Augusti,
689 1966 815 2011 Phil.
853 1968 1188 2012 Buttmannus
1237 1968 1298 2013 ad
1341 1969 1435 2013 Ve-

80 2032 327 2092 spasiani,
361 2032 528 2076 Barth.
565 2030 873 2077 'Niebuhrius
911 2031 973 2076 ad
1009 2031 1177 2078 Severi
1220 2046 1437 2078 aetatem

79 2107 384 2141 revocarunt
412 2094 468 2154 ἢ.
538 2097 735 2157 Itaque,
777 2099 975 2142 omissis
1018 2097 1281 2143 refellendi
1306 2115 1439 2159 ¹con-

78 2160 414 2216 tenti011i1)u.‹;‚
452 2162 750 2222 simpliciter
784 2161 907 2222 quid
939 2162 1064 2207 mihi
1098 2163 1328 2208 videatur
1357 2180 1440 2209 ex-

74 2242 284 2288 ponam.
363 2228 542 2272 Omnis
593 2238 762 2271 autem
812 2226 940 2272 haec
984 2231 1213 2288 quaestio
1257 2245 1441 2290 proce-

76 2291 195 2338 dere
224 2290 331 2336 fere
367 2292 498 2337 solet
528 2308 553 2337 e
589 2293 1024 2354 contemplatione
1060 2292 1277 2339 duorum
1301 2295 1441 2340 loco-

170 2433 205 2477 “)
230 2434 356 2467 Hirtii
383 2440 419 2467 et
440 2435 673 2467 Buttmanm·
699 2435 822 2468 libelli
849 2435 895 2468 de
925 2434 1002 2468 vita
1031 2437 1078 2481 Q.
1110 2436 1233 2470 Curtii
1261 2434 1350 2469 Rufi
1378 2435 1438 2469 hi-

82 2478 207 2530 stprici
229 2478 458 2524 prodierunt
477 2480 726 2515 BeroL18³0
759 2481 967 2514 λίεὸυΙινίἰ
988 2489 1220 2515 commenta
1226 2482 1263 2515 io
1283 2482 1329 2515 de
1346 2482 1439 2514 Cur·

83 2523 121 2557 ni
151 2531 188 2557 et
210 2525 380 2558 Petronii
407 2532 528 2558 aetate
553 2526 720 2570 legitur
714 2538 753 2558 m
783 2526 1184 2561 commentationibus
1210 2526 1441 2563 Academiae

86 2569 210 2604 Berol.
231 2581 425 2605 annorum
454 2575 540 2607 1822
566 2578 603 2605 et
629 2575 733 2611 1523.
