<?xml version="1.0" encoding="UTF-8"?>
<!DOCTYPE html PUBLIC "-//W3C//DTD XHTML 1.0 Transitional//EN"
    "http://www.w3.org/TR/xhtml1/DTD/xhtml1-transitional.dtd">
<html xmlns="http://www.w3.org/1999/xhtml" xml:lang="en" lang="en">
 <head>
  <title>
</title>
<meta http-equiv="Content-Type" content="text/html;charset=utf-8" />
  <meta name='ocr-system' content='tesseract 3.04.00' />
  <meta name='ocr-capabilities' content='ocr_page ocr_carea ocr_par ocr_line ocrx_word'/>
</head>
<body>
  <div class='ocr_page' id='page_1' title='image "./degestisalexandr00curtuoft_0297.png"; bbox 0 0 1703 2961; ppageno 0'>
   <div class='ocr_carea' id='block_1_1' title="bbox 409 107 1458 166">
    <p class='ocr_par' dir='ltr' id='par_1_1' title="bbox 409 107 1458 166">
     <span class='ocr_line' id='line_1_1' title="bbox 409 107 1458 166; baseline -0.012 -5"><span class='ocrx_word' id='word_1_1' title='bbox 409 119 492 162; x_wconf 87' lang='lat' dir='ltr'>DE</span> <span class='ocrx_word' id='word_1_2' title='bbox 518 118 728 163; x_wconf 81' lang='lat' dir='ltr'><strong>GESTIS</strong></span> <span class='ocrx_word' id='word_1_3' title='bbox 760 116 929 161; x_wconf 85' lang='lat' dir='ltr'><strong>ALEX.</strong></span> <span class='ocrx_word' id='word_1_4' title='bbox 960 114 1054 166; x_wconf 80' lang='lat' dir='ltr'>vn,</span> <span class='ocrx_word' id='word_1_5' title='bbox 1083 113 1153 157; x_wconf 75' lang='lat'>33.</span> <span class='ocrx_word' id='word_1_6' title='bbox 1374 107 1458 149; x_wconf 75' lang='lat'>233</span> 
     </span>
    </p>
   </div>
   <div class='ocr_carea' id='block_1_2' title="bbox 40 227 1542 2410">
    <p class='ocr_par' dir='ltr' id='par_1_2' title="bbox 40 227 1542 2410">
     <span class='ocr_line' id='line_1_2' title="bbox 109 227 1456 289; baseline -0.007 -13"><span class='ocrx_word' id='word_1_7' title='bbox 109 239 278 282; x_wconf 78' lang='lat' dir='ltr'>cuntur,</span> <span class='ocrx_word' id='word_1_8' title='bbox 316 240 704 289; x_wconf 79' lang='lat' dir='ltr'>quantamcunque</span> <span class='ocrx_word' id='word_1_9' title='bbox 746 246 849 287; x_wconf 80' lang='lat' dir='ltr'>gens</span> <span class='ocrx_word' id='word_1_10' title='bbox 890 229 1005 285; x_wconf 84' lang='lat' dir='ltr'>capit</span> <span class='ocrx_word' id='word_1_11' title='bbox 1049 239 1223 282; x_wconf 84' lang='lat' dir='ltr'>semper</span> <span class='ocrx_word' id='word_1_12' title='bbox 1275 227 1456 264; x_wconf 66' lang='lat' dir='ltr'>armata·</span> 
     </span>
     <span class='ocr_line' id='line_1_3' title="bbox 44 294 1458 360; baseline -0.006 -18"><span class='ocrx_word' id='word_1_13' title='bbox 44 320 85 342; x_wconf 85' lang='lat'>11</span> <span class='ocrx_word' id='word_1_14' title='bbox 104 304 261 360; x_wconf 86' lang='lat' dir='ltr'>Sicque</span> <span class='ocrx_word' id='word_1_15' title='bbox 303 305 474 347; x_wconf 81' lang='lat' dir='ltr'>locutos</span> <span class='ocrx_word' id='word_1_16' title='bbox 513 319 603 346; x_wconf 83' lang='lat' dir='ltr'>esse</span> <span class='ocrx_word' id='word_1_17' title='bbox 633 303 748 359; x_wconf 85' lang='lat' dir='ltr'>apud</span> <span class='ocrx_word' id='word_1_18' title='bbox 787 319 934 360; x_wconf 78' lang='lat' dir='ltr'>regem</span> <span class='ocrx_word' id='word_1_19' title='bbox 959 298 1200 342; x_wconf 82' lang='lat' dir='ltr'>memoriae</span> <span class='ocrx_word' id='word_1_20' title='bbox 1231 294 1458 353; x_wconf 87' lang='lat' dir='ltr'>proditum</span> 
     </span>
     <span class='ocr_line' id='line_1_4' title="bbox 109 371 1542 421; baseline -0.007 -6"><span class='ocrx_word' id='word_1_21' title='bbox 109 383 195 416; x_wconf 79' lang='lat' dir='ltr'>cst:</span> <span class='ocrx_word' id='word_1_22' title='bbox 243 377 483 419; x_wconf 79' lang='lat' dir='ltr'>abhorrent</span> <span class='ocrx_word' id='word_1_23' title='bbox 530 377 714 419; x_wconf 82' lang='lat' dir='ltr'>forsitan</span> <span class='ocrx_word' id='word_1_24' title='bbox 753 376 952 416; x_wconf 85' lang='lat' dir='ltr'>moribus</span> <span class='ocrx_word' id='word_1_25' title='bbox 977 371 1149 420; x_wconf 81' lang='lat' dir='ltr'>nostris,</span> <span class='ocrx_word' id='word_1_26' title='bbox 1181 376 1224 410; x_wconf 79' lang='lat' dir='ltr'>et</span> <span class='ocrx_word' id='word_1_27' title='bbox 1254 376 1455 421; x_wconf 70' lang='lat' dir='ltr'>tempora</span> <span class='ocrx_word' id='word_1_28' title='bbox 1529 387 1542 402; x_wconf 76' lang='grc' dir='ltr'>ι</span> 
     </span>
     <span class='ocr_line' id='line_1_5' title="bbox 106 439 1457 505; baseline -0.008 -17"><span class='ocrx_word' id='word_1_29' title='bbox 106 455 151 489; x_wconf 87' lang='lat' dir='ltr'>et</span> <span class='ocrx_word' id='word_1_30' title='bbox 192 448 362 505; x_wconf 76' lang='lat' dir='ltr'>ingenia</span> <span class='ocrx_word' id='word_1_31' title='bbox 406 449 591 492; x_wconf 79' lang='lat' dir='ltr'>cultiora</span> <span class='ocrx_word' id='word_1_32' title='bbox 621 450 802 498; x_wconf 81' lang='lat' dir='ltr'>sortitis;</span> <span class='ocrx_word' id='word_1_33' title='bbox 841 450 916 491; x_wconf 88' lang='lat' dir='ltr'>sed</span> <span class='ocrx_word' id='word_1_34' title='bbox 956 454 1006 488; x_wconf 82' lang='lat' dir='ltr'>ut</span> <span class='ocrx_word' id='word_1_35' title='bbox 1044 444 1182 502; x_wconf 81' lang='lat' dir='ltr'>possit</span> <span class='ocrx_word' id='word_1_36' title='bbox 1212 439 1352 496; x_wconf 49' lang='lat' dir='ltr'>oratio</span> <span class='ocrx_word' id='word_1_37' title='bbox 1385 452 1457 478; x_wconf 88' lang='lat' dir='ltr'>eo-</span> 
     </span>
     <span class='ocr_line' id='line_1_6' title="bbox 103 515 1460 578; baseline -0.003 -17"><span class='ocrx_word' id='word_1_38' title='bbox 103 534 204 562; x_wconf 82' lang='lat' dir='ltr'>rum</span> <span class='ocrx_word' id='word_1_39' title='bbox 236 523 393 578; x_wconf 77' lang='lat' dir='ltr'>sperni,</span> <span class='ocrx_word' id='word_1_40' title='bbox 431 530 581 564; x_wconf 78' lang='lat' dir='ltr'>tamen</span> <span class='ocrx_word' id='word_1_41' title='bbox 610 522 716 573; x_wconf 79' lang='lat' dir='ltr'>fides</span> <span class='ocrx_word' id='word_1_42' title='bbox 752 530 899 564; x_wconf 82' lang='lat' dir='ltr'>nostra</span> <span class='ocrx_word' id='word_1_43' title='bbox 940 536 1031 562; x_wconf 88' lang='lat' dir='ltr'>non</span> <span class='ocrx_word' id='word_1_44' title='bbox 1060 517 1211 559; x_wconf 83' lang='lat' dir='ltr'>debet:</span> <span class='ocrx_word' id='word_1_45' title='bbox 1243 527 1368 570; x_wconf 75' lang='lat' dir='ltr'>quae,</span> <span class='ocrx_word' id='word_1_46' title='bbox 1393 515 1460 549; x_wconf 71' lang='lat' dir='ltr'>ut·</span> 
     </span>
     <span class='ocr_line' id='line_1_7' title="bbox 42 582 1461 652; baseline -0.004 -19"><span class='ocrx_word' id='word_1_47' title='bbox 42 603 88 629; x_wconf 88' lang='lat'>12</span> <span class='ocrx_word' id='word_1_48' title='bbox 103 608 275 651; x_wconf 85' lang='lat' dir='ltr'>cunque</span> <span class='ocrx_word' id='word_1_49' title='bbox 305 604 407 637; x_wconf 83' lang='lat' dir='ltr'>sunt</span> <span class='ocrx_word' id='word_1_50' title='bbox 444 596 650 643; x_wconf 75' lang='lat' dir='ltr'>tradita,¹</span> <span class='ocrx_word' id='word_1_51' title='bbox 687 596 944 652; x_wconf 81' lang='lat' dir='ltr'>incorrupta</span> <span class='ocrx_word' id='word_1_52' title='bbox 978 592 1263 649; x_wconf 85' lang='lat' dir='ltr'>perferemus.</span> <span class='ocrx_word' id='word_1_53' title='bbox 1323 582 1461 639; x_wconf 71' lang='lat' dir='ltr'>Igitur</span> 
     </span>
     <span class='ocr_line' id='line_1_8' title="bbox 102 659 1392 715; baseline -0.001 -10"><span class='ocrx_word' id='word_1_54' title='bbox 102 681 241 706; x_wconf 90' lang='lat' dir='ltr'>unum</span> <span class='ocrx_word' id='word_1_55' title='bbox 274 683 323 709; x_wconf 84' lang='lat' dir='ltr'>ex</span> <span class='ocrx_word' id='word_1_56' title='bbox 351 667 417 709; x_wconf 87' lang='lat' dir='ltr'>his</span> <span class='ocrx_word' id='word_1_57' title='bbox 447 669 690 710; x_wconf 81' lang='lat' dir='ltr'>maximum</span> <span class='ocrx_word' id='word_1_58' title='bbox 719 676 827 710; x_wconf 86' lang='lat' dir='ltr'>natu</span> <span class='ocrx_word' id='word_1_59' title='bbox 853 667 1087 709; x_wconf 80' lang='lat' dir='ltr'>locutum2</span> <span class='ocrx_word' id='word_1_60' title='bbox 1122 659 1392 715; x_wconf 68' lang='lat' dir='ltr'>accepimus:</span> 
     </span>
     <span class='ocr_line' id='line_1_9' title="bbox 190 719 1524 798; baseline -0.01 -17"><span class='ocrx_word' id='word_1_61' title='bbox 190 741 242 782; x_wconf 84' lang='lat' dir='ltr'>Si</span> <span class='ocrx_word' id='word_1_62' title='bbox 271 743 341 782; x_wconf 86' lang='lat' dir='ltr'>dii</span> <span class='ocrx_word' id='word_1_63' title='bbox 370 744 564 784; x_wconf 76' lang='lat' dir='ltr'>habitum</span> <span class='ocrx_word' id='word_1_64' title='bbox 591 745 787 798; x_wconf 83' lang='lat' dir='ltr'>corporis</span> <span class='ocrx_word' id='word_1_65' title='bbox 815 744 883 784; x_wconf 86' lang='lat' dir='ltr'>tui</span> <span class='ocrx_word' id='word_1_66' title='bbox 911 741 1129 783; x_wconf 82' lang='lat' dir='ltr'>aviditati</span> <span class='ocrx_word' id='word_1_67' title='bbox 1150 735 1287 778; x_wconf 83' lang='lat' dir='ltr'>animi</span> <span class='ocrx_word' id='word_1_68' title='bbox 1310 744 1457 786; x_wconf 83' lang='lat' dir='ltr'>parem</span> <span class='ocrx_word' id='word_1_69' title='bbox 1470 719 1524 765; x_wconf 78' lang='grc'>34</span> 
     </span>
     <span class='ocr_line' id='line_1_10' title="bbox 101 812 1463 869; baseline -0.003 -16"><span class='ocrx_word' id='word_1_70' title='bbox 101 827 192 854; x_wconf 85' lang='lat' dir='ltr'>esse</span> <span class='ocrx_word' id='word_1_71' title='bbox 230 818 486 866; x_wconf 72' lang='lat' dir='ltr'>voluissent,</span> <span class='ocrx_word' id='word_1_72' title='bbox 527 819 644 859; x_wconf 82' lang='lat' dir='ltr'>orbis</span> <span class='ocrx_word' id='word_1_73' title='bbox 689 831 732 859; x_wconf 89' lang='lat' dir='ltr'>te</span> <span class='ocrx_word' id='word_1_74' title='bbox 771 833 856 858; x_wconf 89' lang='lat' dir='ltr'>non</span> <span class='ocrx_word' id='word_1_75' title='bbox 908 824 1101 869; x_wconf 81' lang='lat' dir='ltr'>caperet;</span> <span class='ocrx_word' id='word_1_76' title='bbox 1152 812 1293 852; x_wconf 85' lang='lat' dir='ltr'>altera</span> <span class='ocrx_word' id='word_1_77' title='bbox 1334 817 1463 845; x_wconf 70' lang='lat' dir='ltr'>manu</span> 
     </span>
     <span class='ocr_line' id='line_1_11' title="bbox 108 883 1463 942; baseline 0.002 -11"><span class='ocrx_word' id='word_1_78' title='bbox 108 890 345 939; x_wconf 72' lang='lat' dir='ltr'>Orientem,</span> <span class='ocrx_word' id='word_1_79' title='bbox 377 893 516 933; x_wconf 85' lang='lat' dir='ltr'>altera</span> <span class='ocrx_word' id='word_1_80' title='bbox 551 894 830 933; x_wconf 70' lang='lat' dir='ltr'>Occidentem</span> <span class='ocrx_word' id='word_1_81' title='bbox 857 891 1139 942; x_wconf 74' lang='lat' dir='ltr'>contingeres,</span> <span class='ocrx_word' id='word_1_82' title='bbox 1172 894 1217 924; x_wconf 65' lang='lat'>0⁶</span> <span class='ocrx_word' id='word_1_83' title='bbox 1243 883 1324 923; x_wconf 63' lang='lat'>7²⁰⁰</span> <span class='ocrx_word' id='word_1_84' title='bbox 1350 892 1463 918; x_wconf 66' lang='lat'>‘¹5⁸⁸&#39;</span> 
     </span>
     <span class='ocr_line' id='line_1_12' title="bbox 103 953 1462 1018; baseline -0.01 -15"><span class='ocrx_word' id='word_1_85' title='bbox 103 973 228 1003; x_wconf 76' lang='lat' dir='ltr'>cutus</span> <span class='ocrx_word' id='word_1_86' title='bbox 263 966 374 1005; x_wconf 89' lang='lat' dir='ltr'>scire</span> <span class='ocrx_word' id='word_1_87' title='bbox 411 966 571 1011; x_wconf 85' lang='lat' dir='ltr'>velles,</span> <span class='ocrx_word' id='word_1_88' title='bbox 603 966 677 1006; x_wconf 86' lang='lat' dir='ltr'>ubi</span> <span class='ocrx_word' id='word_1_89' title='bbox 716 967 836 1006; x_wconf 85' lang='lat' dir='ltr'>tanti</span> <span class='ocrx_word' id='word_1_90' title='bbox 870 963 1058 1005; x_wconf 88' lang='lat' dir='ltr'>numinis</span> <span class='ocrx_word' id='word_1_91' title='bbox 1073 957 1237 1018; x_wconf 76' lang='lat' dir='ltr'>fulgor</span> <span class='ocrx_word' id='word_1_92' title='bbox 1266 953 1462 996; x_wconf 84' lang='lat' dir='ltr'>condere-</span> 
     </span>
     <span class='ocr_line' id='line_1_13' title="bbox 40 1021 1464 1094; baseline -0.003 -18"><span class='ocrx_word' id='word_1_93' title='bbox 40 1023 204 1076; x_wconf 58' lang='grc' dir='ltr'>13ιιιν.Δ</span> <span class='ocrx_word' id='word_1_94' title='bbox 245 1039 320 1078; x_wconf 81' lang='lat' dir='ltr'>Sic</span> <span class='ocrx_word' id='word_1_95' title='bbox 367 1054 532 1094; x_wconf 80' lang='lat' dir='ltr'>quoque</span> <span class='ocrx_word' id='word_1_96' title='bbox 578 1039 868 1091; x_wconf 79' lang='lat' dir='ltr'>concupiscis,</span> <span class='ocrx_word' id='word_1_97' title='bbox 919 1051 1026 1091; x_wconf 81' lang='lat' dir='ltr'>quae</span> <span class='ocrx_word' id='word_1_98' title='bbox 1068 1048 1153 1075; x_wconf 86' lang='lat' dir='ltr'>non</span> <span class='ocrx_word' id='word_1_99' title='bbox 1191 1029 1328 1082; x_wconf 72' lang='lat' dir='ltr'>capis·</span> <span class='ocrx_word' id='word_1_100' title='bbox 1395 1021 1464 1064; x_wconf 72' lang='lat' dir='ltr'>Ab</span> 
     </span>
     <span class='ocr_line' id='line_1_14' title="bbox 102 1105 1462 1165; baseline -0.007 -13"><span class='ocrx_word' id='word_1_101' title='bbox 102 1114 287 1165; x_wconf 82' lang='lat' dir='ltr'>Europa</span> <span class='ocrx_word' id='word_1_102' title='bbox 323 1114 441 1164; x_wconf 80' lang='lat' dir='ltr'>petis</span> <span class='ocrx_word' id='word_1_103' title='bbox 481 1112 653 1152; x_wconf 83' lang='lat' dir='ltr'>Asiam.-</span> <span class='ocrx_word' id='word_1_104' title='bbox 687 1125 743 1151; x_wconf 76' lang='grc' dir='ltr'>εκ</span> <span class='ocrx_word' id='word_1_105' title='bbox 778 1111 889 1151; x_wconf 81' lang='lat' dir='ltr'>Asia</span> <span class='ocrx_word' id='word_1_106' title='bbox 921 1108 1085 1149; x_wconf 85' lang='lat' dir='ltr'>transis</span> <span class='ocrx_word' id='word_1_107' title='bbox 1126 1107 1173 1145; x_wconf 84' lang='lat' dir='ltr'>in</span> <span class='ocrx_word' id='word_1_108' title='bbox 1213 1105 1462 1153; x_wconf 82' lang='lat' dir='ltr'>Europam,·</span> 
     </span>
     <span class='ocr_line' id='line_1_15' title="bbox 104 1171 1465 1236; baseline -0.01 -11"><span class='ocrx_word' id='word_1_109' title='bbox 104 1186 262 1225; x_wconf 87' lang='lat' dir='ltr'>deinde</span> <span class='ocrx_word' id='word_1_110' title='bbox 299 1187 341 1224; x_wconf 82' lang='lat' dir='ltr'>si</span> <span class='ocrx_word' id='word_1_111' title='bbox 372 1187 600 1225; x_wconf 75' lang='lat' dir='ltr'>humanum</span> <span class='ocrx_word' id='word_1_112' title='bbox 635 1199 768 1236; x_wconf 79' lang='lat' dir='ltr'>genus</span> <span class='ocrx_word' id='word_1_113' title='bbox 798 1197 918 1223; x_wconf 88' lang='lat' dir='ltr'>omne</span> <span class='ocrx_word' id='word_1_114' title='bbox 947 1181 1240 1233; x_wconf 85' lang='lat' dir='ltr'>superaveris,</span> <span class='ocrx_word' id='word_1_115' title='bbox 1269 1190 1362 1215; x_wconf 90' lang='lat' dir='ltr'>cum</span> <span class='ocrx_word' id='word_1_116' title='bbox 1390 1171 1465 1212; x_wconf 83' lang='lat' dir='ltr'>sil-</span> 
     </span>
     <span class='ocr_line' id='line_1_16' title="bbox 103 1252 1466 1314; baseline -0.006 -17"><span class='ocrx_word' id='word_1_117' title='bbox 103 1259 176 1297; x_wconf 83' lang='lat' dir='ltr'>vis</span> <span class='ocrx_word' id='word_1_118' title='bbox 205 1267 249 1298; x_wconf 77' lang='lat' dir='ltr'>et</span> <span class='ocrx_word' id='word_1_119' title='bbox 283 1258 458 1298; x_wconf 79' lang='lat' dir='ltr'>nivibus</span> <span class='ocrx_word' id='word_1_120' title='bbox 493 1267 538 1297; x_wconf 88' lang='lat' dir='ltr'>et</span> <span class='ocrx_word' id='word_1_121' title='bbox 561 1255 823 1314; x_wconf 81' lang='lat' dir='ltr'>fluminibus</span> <span class='ocrx_word' id='word_1_122' title='bbox 857 1252 1051 1312; x_wconf 79' lang='lat' dir='ltr'>ferisque</span> <span class='ocrx_word' id='word_1_123' title='bbox 1081 1253 1236 1293; x_wconf 85' lang='lat' dir='ltr'>bestiis</span> <span class='ocrx_word' id='word_1_124' title='bbox 1264 1257 1466 1303; x_wconf 59' lang='lat' dir='ltr'>gesturus</span> 
     </span>
     <span class='ocr_line' id='line_1_17' title="bbox 49 1326 1465 1393; baseline -0.005 -25"><span class='ocrx_word' id='word_1_125' title='bbox 49 1341 96 1368; x_wconf 83' lang='lat'>14</span> <span class='ocrx_word' id='word_1_126' title='bbox 109 1346 154 1371; x_wconf 88' lang='lat' dir='ltr'>es</span> <span class='ocrx_word' id='word_1_127' title='bbox 184 1330 350 1370; x_wconf 76' lang='lat' dir='ltr'>bellum.</span> <span class='ocrx_word' id='word_1_128' title='bbox 404 1331 555 1393; x_wconf 60' lang='lat' dir='ltr'>Quid?</span> <span class='ocrx_word' id='word_1_129' title='bbox 580 1339 629 1370; x_wconf 88' lang='lat' dir='ltr'>tu</span> <span class='ocrx_word' id='word_1_130' title='bbox 654 1332 833 1382; x_wconf 82' lang='lat' dir='ltr'>ignoras</span> <span class='ocrx_word' id='word_1_131' title='bbox 861 1329 1036 1368; x_wconf 78' lang='lat' dir='ltr'>arbores</span> <span class='ocrx_word' id='word_1_132' title='bbox 1067 1341 1246 1380; x_wconf 81' lang='lat' dir='ltr'>magnas</span> <span class='ocrx_word' id='word_1_133' title='bbox 1273 1326 1350 1364; x_wconf 88' lang='lat' dir='ltr'>diu</span> <span class='ocrx_word' id='word_1_134' title='bbox 1381 1338 1465 1362; x_wconf 84' lang='lat' dir='ltr'>cre-</span> 
     </span>
     <span class='ocr_line' id='line_1_18' title="bbox 107 1396 1466 1458; baseline -0.005 -15"><span class='ocrx_word' id='word_1_135' title='bbox 107 1419 236 1449; x_wconf 86' lang='lat' dir='ltr'>scere,</span> <span class='ocrx_word' id='word_1_136' title='bbox 266 1418 350 1443; x_wconf 87' lang='lat' dir='ltr'>una</span> <span class='ocrx_word' id='word_1_137' title='bbox 375 1404 482 1443; x_wconf 76' lang='lat' dir='ltr'>hora</span> <span class='ocrx_word' id='word_1_138' title='bbox 507 1405 758 1456; x_wconf 77' lang='lat' dir='ltr'>extirpari?</span> <span class='ocrx_word' id='word_1_139' title='bbox 789 1403 960 1443; x_wconf 84' lang='lat' dir='ltr'>Stultus</span> <span class='ocrx_word' id='word_1_140' title='bbox 988 1411 1069 1453; x_wconf 80' lang='lat' dir='ltr'>est,</span> <span class='ocrx_word' id='word_1_141' title='bbox 1099 1403 1176 1455; x_wconf 82' lang='lat' dir='ltr'>qui</span> <span class='ocrx_word' id='word_1_142' title='bbox 1186 1396 1369 1458; x_wconf 81' lang='lat' dir='ltr'>fructus</span> <span class='ocrx_word' id='word_1_143' title='bbox 1397 1410 1466 1436; x_wconf 84' lang='lat' dir='ltr'>ea-</span> 
     </span>
     <span class='ocr_line' id='line_1_19' title="bbox 106 1472 1466 1529; baseline -0.005 -13"><span class='ocrx_word' id='word_1_144' title='bbox 106 1492 199 1516; x_wconf 86' lang='lat' dir='ltr'>rum</span> <span class='ocrx_word' id='word_1_145' title='bbox 238 1485 420 1529; x_wconf 77' lang='lat' dir='ltr'>spectat,</span> <span class='ocrx_word' id='word_1_146' title='bbox 463 1476 741 1516; x_wconf 69' lang='lat' dir='ltr'>altitudinem</span> <span class='ocrx_word' id='word_1_147' title='bbox 765 1492 849 1517; x_wconf 89' lang='lat' dir='ltr'>non</span> <span class='ocrx_word' id='word_1_148' title='bbox 878 1477 1069 1516; x_wconf 85' lang='lat' dir='ltr'>metitur.</span> <span class='ocrx_word' id='word_1_149' title='bbox 1126 1475 1254 1520; x_wconf 83' lang='lat' dir='ltr'>Vide,</span> <span class='ocrx_word' id='word_1_150' title='bbox 1287 1488 1337 1512; x_wconf 85' lang='lat' dir='ltr'>ne</span> <span class='ocrx_word' id='word_1_151' title='bbox 1364 1472 1466 1513; x_wconf 86' lang='lat' dir='ltr'>dum</span> 
     </span>
     <span class='ocr_line' id='line_1_20' title="bbox 107 1543 1468 1602; baseline -0.001 -14"><span class='ocrx_word' id='word_1_152' title='bbox 107 1550 168 1588; x_wconf 87' lang='lat' dir='ltr'>ad</span> <span class='ocrx_word' id='word_1_153' title='bbox 194 1543 392 1589; x_wconf 55' lang='lat' dir='ltr'>cai-umen</span> <span class='ocrx_word' id='word_1_154' title='bbox 418 1551 645 1602; x_wconf 84' lang='lat' dir='ltr'>pervenire</span> <span class='ocrx_word' id='word_1_155' title='bbox 664 1551 898 1598; x_wconf 71' lang='lat' dir='ltr'>contendis,</span> <span class='ocrx_word' id='word_1_156' title='bbox 930 1565 1024 1589; x_wconf 89' lang='lat' dir='ltr'>cum</span> <span class='ocrx_word' id='word_1_157' title='bbox 1052 1550 1164 1602; x_wconf 85' lang='lat' dir='ltr'>ipsis</span> <span class='ocrx_word' id='word_1_158' title='bbox 1192 1548 1341 1593; x_wconf 86' lang='lat' dir='ltr'>ramis,</span> <span class='ocrx_word' id='word_1_159' title='bbox 1360 1557 1468 1599; x_wconf 73' lang='lat' dir='ltr'>quos</span> 
     </span>
     <span class='ocr_line' id='line_1_21' title="bbox 45 1620 1466 1678; baseline 0 -19"><span class='ocrx_word' id='word_1_160' title='bbox 45 1631 88 1658; x_wconf 85' lang='lat'>1⁵</span> <span class='ocrx_word' id='word_1_161' title='bbox 107 1622 492 1674; x_wconf 77' lang='lat' dir='ltr'>comprehenderis,</span> <span class='ocrx_word' id='word_1_162' title='bbox 531 1623 722 1662; x_wconf 84' lang='lat' dir='ltr'>decidas.</span> <span class='ocrx_word' id='word_1_163' title='bbox 782 1625 875 1664; x_wconf 78' lang='lat' dir='ltr'>Leo</span> <span class='ocrx_word' id='word_1_164' title='bbox 910 1637 1076 1678; x_wconf 80' lang='lat' dir='ltr'>quoque</span> <span class='ocrx_word' id='word_1_165' title='bbox 1109 1621 1345 1676; x_wconf 82' lang='lat' dir='ltr'>aliquando</span> <span class='ocrx_word' id='word_1_166' title='bbox 1386 1620 1466 1659; x_wconf 83' lang='lat' dir='ltr'>mi-</span> 
     </span>
     <span class='ocr_line' id='line_1_22' title="bbox 106 1692 1467 1754; baseline 0 -20"><span class='ocrx_word' id='word_1_167' title='bbox 106 1696 319 1735; x_wconf 83' lang='lat' dir='ltr'>nimarum</span> <span class='ocrx_word' id='word_1_168' title='bbox 347 1697 494 1735; x_wconf 82' lang='lat' dir='ltr'>avium</span> <span class='ocrx_word' id='word_1_169' title='bbox 522 1694 722 1748; x_wconf 79' lang='lat' dir='ltr'>pabulum</span> <span class='ocrx_word' id='word_1_170' title='bbox 736 1692 866 1752; x_wconf 68' lang='lat' dir='ltr'>fititg</span> <span class='ocrx_word' id='word_1_171' title='bbox 906 1709 950 1736; x_wconf 89' lang='lat' dir='ltr'>et</span> <span class='ocrx_word' id='word_1_172' title='bbox 974 1692 1150 1754; x_wconf 84' lang='lat' dir='ltr'>ferrum</span> <span class='ocrx_word' id='word_1_173' title='bbox 1189 1696 1342 1748; x_wconf 78' lang='lat' dir='ltr'>rubigo</span> <span class='ocrx_word' id='word_1_174' title='bbox 1374 1709 1467 1735; x_wconf 88' lang='lat' dir='ltr'>con-</span> 
     </span>
     <span class='ocr_line' id='line_1_23' title="bbox 106 1768 1469 1826; baseline 0.001 -19"><span class='ocrx_word' id='word_1_175' title='bbox 106 1769 250 1808; x_wconf 83' lang='lat' dir='ltr'>sumit.</span> <span class='ocrx_word' id='word_1_176' title='bbox 317 1769 451 1809; x_wconf 80' lang='lat' dir='ltr'>Nihil</span> <span class='ocrx_word' id='word_1_177' title='bbox 489 1778 579 1809; x_wconf 88' lang='lat' dir='ltr'>tam</span> <span class='ocrx_word' id='word_1_178' title='bbox 602 1768 786 1826; x_wconf 81' lang='lat' dir='ltr'>firmum</span> <span class='ocrx_word' id='word_1_179' title='bbox 815 1779 894 1813; x_wconf 80' lang='lat' dir='ltr'>est,</span> <span class='ocrx_word' id='word_1_180' title='bbox 935 1771 1006 1810; x_wconf 88' lang='lat' dir='ltr'>cui</span> <span class='ocrx_word' id='word_1_181' title='bbox 1032 1769 1268 1822; x_wconf 84' lang='lat' dir='ltr'>periculum</span> <span class='ocrx_word' id='word_1_182' title='bbox 1294 1783 1379 1809; x_wconf 89' lang='lat' dir='ltr'>non</span> <span class='ocrx_word' id='word_1_183' title='bbox 1406 1769 1469 1807; x_wconf 77' lang='lat' dir='ltr'>sic</span> 
     </span>
     <span class='ocr_line' id='line_1_24' title="bbox 44 1841 1468 1907; baseline 0.001 -27"><span class='ocrx_word' id='word_1_184' title='bbox 44 1843 93 1874; x_wconf 83' lang='lat'>16</span> <span class='ocrx_word' id='word_1_185' title='bbox 102 1842 234 1882; x_wconf 81' lang='lat' dir='ltr'>etiam</span> <span class='ocrx_word' id='word_1_186' title='bbox 267 1841 321 1881; x_wconf 85' lang='lat' dir='ltr'>ab</span> <span class='ocrx_word' id='word_1_187' title='bbox 362 1842 578 1883; x_wconf 82' lang='lat' dir='ltr'>invalido.</span> <span class='ocrx_word' id='word_1_188' title='bbox 642 1844 764 1907; x_wconf 64' lang='lat' dir='ltr'>Quid</span> <span class='ocrx_word' id='word_1_189' title='bbox 790 1843 914 1884; x_wconf 81' lang='lat' dir='ltr'>nobis</span> <span class='ocrx_word' id='word_1_190' title='bbox 944 1853 1082 1884; x_wconf 86' lang='lat' dir='ltr'>tecum</span> <span class='ocrx_word' id='word_1_191' title='bbox 1110 1844 1207 1883; x_wconf 85' lang='lat' dir='ltr'>est?</span> <span class='ocrx_word' id='word_1_192' title='bbox 1235 1845 1468 1897; x_wconf 77' lang='lat' dir='ltr'>,Nunquam</span> 
     </span>
     <span class='ocr_line' id='line_1_25' title="bbox 106 1917 1468 1980; baseline 0 -25"><span class='ocrx_word' id='word_1_193' title='bbox 106 1923 268 1955; x_wconf 69' lang='lat' dir='ltr'>terram</span> <span class='ocrx_word' id='word_1_194' title='bbox 300 1924 422 1955; x_wconf 86' lang='lat' dir='ltr'>tuam</span> <span class='ocrx_word' id='word_1_195' title='bbox 461 1917 705 1968; x_wconf 79' lang='lat' dir='ltr'>attigimus.</span> <span class='ocrx_word' id='word_1_196' title='bbox 765 1917 856 1980; x_wconf 59' lang='lat' dir='ltr'>Qui</span> <span class='ocrx_word' id='word_1_197' title='bbox 879 1917 954 1960; x_wconf 88' lang='lat' dir='ltr'>sis,</span> <span class='ocrx_word' id='word_1_198' title='bbox 983 1917 1094 1956; x_wconf 85' lang='lat' dir='ltr'>unde</span> <span class='ocrx_word' id='word_1_199' title='bbox 1123 1919 1275 1956; x_wconf 84' lang='lat' dir='ltr'>venias</span> <span class='ocrx_word' id='word_1_200' title='bbox 1311 1917 1468 1956; x_wconf 86' lang='lat' dir='ltr'>licetne</span> 
     </span>
     <span class='ocr_line' id='line_1_26' title="bbox 112 1988 1470 2040; baseline 0 -12"><span class='ocrx_word' id='word_1_201' title='bbox 112 1989 315 2040; x_wconf 83' lang='lat' dir='ltr'>ignorare</span> <span class='ocrx_word' id='word_1_202' title='bbox 352 1989 398 2028; x_wconf 87' lang='lat' dir='ltr'>in</span> <span class='ocrx_word' id='word_1_203' title='bbox 425 1991 571 2029; x_wconf 80' lang='lat' dir='ltr'>vastis</span> <span class='ocrx_word' id='word_1_204' title='bbox 597 1990 729 2030; x_wconf 83' lang='lat' dir='ltr'>silvis</span> <span class='ocrx_word' id='word_1_205' title='bbox 756 1990 1040 2030; x_wconf 79' lang='lat' dir='ltr'>viventibus?</span> <span class='ocrx_word' id='word_1_206' title='bbox 1072 1991 1168 2029; x_wconf 76' lang='lat' dir='ltr'>Nec</span> <span class='ocrx_word' id='word_1_207' title='bbox 1196 1990 1362 2029; x_wconf 80' lang='lat' dir='ltr'>servire</span> <span class='ocrx_word' id='word_1_208' title='bbox 1389 1988 1470 2028; x_wconf 84' lang='lat' dir='ltr'>ulli</span> 
     </span>
     <span class='ocr_line' id='line_1_27' title="bbox 45 2062 1468 2116; baseline -0.001 -14"><span class='ocrx_word' id='word_1_209' title='bbox 45 2079 91 2105; x_wconf 81' lang='lat'>17</span> <span class='ocrx_word' id='word_1_210' title='bbox 107 2075 347 2115; x_wconf 85' lang='lat' dir='ltr'>possumus,</span> <span class='ocrx_word' id='word_1_211' title='bbox 375 2077 450 2102; x_wconf 85' lang='lat' dir='ltr'>nec</span> <span class='ocrx_word' id='word_1_212' title='bbox 477 2063 688 2116; x_wconf 80' lang='lat' dir='ltr'>imperare</span> <span class='ocrx_word' id='word_1_213' title='bbox 714 2064 1022 2104; x_wconf 79' lang='lat' dir='ltr'>desideramus.</span> <span class='ocrx_word' id='word_1_214' title='bbox 1078 2062 1218 2102; x_wconf 80' lang='lat' dir='ltr'>Dona</span> <span class='ocrx_word' id='word_1_215' title='bbox 1245 2062 1368 2103; x_wconf 81' lang='lat' dir='ltr'>nobis</span> <span class='ocrx_word' id='word_1_216' title='bbox 1394 2063 1468 2102; x_wconf 85' lang='lat' dir='ltr'>da-</span> 
     </span>
     <span class='ocr_line' id='line_1_28' title="bbox 109 2136 1469 2190; baseline 0.001 -16"><span class='ocrx_word' id='word_1_217' title='bbox 109 2143 160 2175; x_wconf 73' lang='lat' dir='ltr'>ca</span> <span class='ocrx_word' id='word_1_218' title='bbox 184 2143 296 2181; x_wconf 89' lang='lat' dir='ltr'>sunt,</span> <span class='ocrx_word' id='word_1_219' title='bbox 339 2149 392 2174; x_wconf 86' lang='lat' dir='ltr'>ne</span> <span class='ocrx_word' id='word_1_220' title='bbox 433 2136 687 2190; x_wconf 74' lang='lat' dir='ltr'>Scytharum</span> <span class='ocrx_word' id='word_1_221' title='bbox 721 2147 891 2190; x_wconf 80' lang='lat' dir='ltr'>gentem</span> <span class='ocrx_word' id='word_1_222' title='bbox 928 2137 1110 2188; x_wconf 79' lang='lat' dir='ltr'>ignores,</span> <span class='ocrx_word' id='word_1_223' title='bbox 1143 2136 1303 2188; x_wconf 81' lang='lat' dir='ltr'>iugum,</span> <span class='ocrx_word' id='word_1_224' title='bbox 1321 2137 1337 2163; x_wconf 87' lang='lat'><em>3</em></span> <span class='ocrx_word' id='word_1_225' title='bbox 1373 2151 1469 2176; x_wconf 83' lang='lat' dir='ltr'><strong><em>ara-</em></strong></span> 
     </span>
     <span class='ocr_line' id='line_1_29' title="bbox 110 2204 1469 2264; baseline 0.002 -17"><span class='ocrx_word' id='word_1_226' title='bbox 110 2216 240 2254; x_wconf 81' lang='lat' dir='ltr'>trum,</span> <span class='ocrx_word' id='word_1_227' title='bbox 264 2208 408 2253; x_wconf 78' lang='lat' dir='ltr'>hasta,</span> <span class='ocrx_word' id='word_1_228' title='bbox 434 2204 651 2263; x_wconf 66' lang='lat' dir='ltr'>sagitta‚⁴</span> <span class='ocrx_word' id='word_1_229' title='bbox 678 2220 849 2264; x_wconf 84' lang='lat' dir='ltr'>patera.</span> <span class='ocrx_word' id='word_1_230' title='bbox 890 2210 977 2249; x_wconf 85' lang='lat' dir='ltr'>His</span> <span class='ocrx_word' id='word_1_231' title='bbox 1000 2210 1162 2249; x_wconf 84' lang='lat' dir='ltr'>utimur</span> <span class='ocrx_word' id='word_1_232' title='bbox 1178 2219 1222 2249; x_wconf 87' lang='lat' dir='ltr'>et</span> <span class='ocrx_word' id='word_1_233' title='bbox 1247 2224 1338 2249; x_wconf 87' lang='lat' dir='ltr'>cum</span> <span class='ocrx_word' id='word_1_234' title='bbox 1366 2211 1469 2250; x_wconf 84' lang='lat' dir='ltr'>ami-</span> 
     </span>
     <span class='ocr_line' id='line_1_30' title="bbox 51 2281 1470 2336; baseline 0.002 -17"><span class='ocrx_word' id='word_1_235' title='bbox 51 2292 96 2319; x_wconf 79' lang='lat'>18</span> <span class='ocrx_word' id='word_1_236' title='bbox 111 2281 174 2320; x_wconf 87' lang='lat' dir='ltr'>cis</span> <span class='ocrx_word' id='word_1_237' title='bbox 203 2289 248 2321; x_wconf 76' lang='lat' dir='ltr'>ec</span> <span class='ocrx_word' id='word_1_238' title='bbox 277 2281 486 2322; x_wconf 81' lang='lat' dir='ltr'>adversus</span> <span class='ocrx_word' id='word_1_239' title='bbox 523 2284 735 2325; x_wconf 79' lang='lat' dir='ltr'>inimicos.</span> <span class='ocrx_word' id='word_1_240' title='bbox 794 2286 957 2336; x_wconf 82' lang='lat' dir='ltr'>Fruges</span> <span class='ocrx_word' id='word_1_241' title='bbox 986 2283 1139 2322; x_wconf 80' lang='lat' dir='ltr'>amicis</span> <span class='ocrx_word' id='word_1_242' title='bbox 1168 2282 1319 2322; x_wconf 86' lang='lat' dir='ltr'>damus</span> <span class='ocrx_word' id='word_1_243' title='bbox 1344 2282 1470 2323; x_wconf 82' lang='lat' dir='ltr'>boum</span> 
     </span>
     <span class='ocr_line' id='line_1_31' title="bbox 110 2352 1467 2410; baseline 0.001 -18"><span class='ocrx_word' id='word_1_244' title='bbox 110 2352 253 2394; x_wconf 78' lang='lat' dir='ltr'>labore</span> <span class='ocrx_word' id='word_1_245' title='bbox 283 2357 524 2410; x_wconf 79' lang='lat' dir='ltr'>quaesitas3</span> <span class='ocrx_word' id='word_1_246' title='bbox 557 2365 718 2410; x_wconf 82' lang='lat' dir='ltr'>patera</span> <span class='ocrx_word' id='word_1_247' title='bbox 747 2371 840 2396; x_wconf 89' lang='lat' dir='ltr'>cum</span> <span class='ocrx_word' id='word_1_248' title='bbox 866 2357 937 2396; x_wconf 80' lang='lat' dir='ltr'>his</span> <span class='ocrx_word' id='word_1_249' title='bbox 965 2357 1115 2396; x_wconf 84' lang='lat' dir='ltr'>vinum</span> <span class='ocrx_word' id='word_1_250' title='bbox 1145 2355 1467 2404; x_wconf 52' lang='lat' dir='ltr'>diis-‚liburnum</span> 
     </span>
    </p>
   </div>
   <div class='ocr_carea' id='block_1_3' title="bbox 30 2427 1470 2483">
    <p class='ocr_par' dir='ltr' id='par_1_3' title="bbox 30 2427 1470 2483">
     <span class='ocr_line' id='line_1_32' title="bbox 30 2427 1470 2483; baseline 0.001 -17"><span class='ocrx_word' id='word_1_251' title='bbox 30 2433 48 2454; x_wconf 76' lang='lat'><strong><em>‘</em></strong></span> <span class='ocrx_word' id='word_1_252' title='bbox 112 2427 312 2468; x_wconf 80' lang='lat' dir='ltr'>inimicos</span> <span class='ocrx_word' id='word_1_253' title='bbox 339 2431 510 2483; x_wconf 81' lang='lat' dir='ltr'>sagitta</span> <span class='ocrx_word' id='word_1_254' title='bbox 537 2431 715 2475; x_wconf 74' lang='lat' dir='ltr'>eminus,</span> <span class='ocrx_word' id='word_1_255' title='bbox 745 2431 876 2470; x_wconf 82' lang='lat' dir='ltr'>hasta</span> <span class='ocrx_word' id='word_1_256' title='bbox 911 2431 1104 2471; x_wconf 86' lang='lat' dir='ltr'>cominus</span> <span class='ocrx_word' id='word_1_257' title='bbox 1136 2430 1340 2482; x_wconf 81' lang='lat' dir='ltr'>petimus.</span> <span class='ocrx_word' id='word_1_258' title='bbox 1396 2429 1470 2468; x_wconf 79' lang='lat' dir='ltr'>Sic</span> 
     </span>
    </p>
   </div>
   <div class='ocr_carea' id='block_1_4' title="bbox 111 2567 1468 2671">
    <p class='ocr_par' dir='ltr' id='par_1_4' title="bbox 111 2567 1468 2671">
     <span class='ocr_line' id='line_1_33' title="bbox 111 2567 1468 2605; baseline 0.002 -5"><span class='ocrx_word' id='word_1_259' title='bbox 111 2570 130 2594; x_wconf 81' lang='lat'>1</span> <span class='ocrx_word' id='word_1_260' title='bbox 154 2567 295 2602; x_wconf 74' lang='lat' dir='ltr'>tradita</span> <span class='ocrx_word' id='word_1_261' title='bbox 320 2576 420 2604; x_wconf 86' lang='lat' dir='ltr'>sunt.</span> <span class='ocrx_word' id='word_1_262' title='bbox 570 2570 592 2595; x_wconf 82' lang='lat'>2</span> <span class='ocrx_word' id='word_1_263' title='bbox 624 2571 695 2605; x_wconf 79' lang='lat' dir='ltr'>ita</span> <span class='ocrx_word' id='word_1_264' title='bbox 720 2570 909 2605; x_wconf 80' lang='lat' dir='ltr'>locutum.</span> <span class='ocrx_word' id='word_1_265' title='bbox 1058 2569 1078 2600; x_wconf 87' lang='grc'>3</span> <span class='ocrx_word' id='word_1_266' title='bbox 1112 2568 1303 2605; x_wconf 71' lang='lat' dir='ltr'>adiicitur</span> <span class='ocrx_word' id='word_1_267' title='bbox 1331 2568 1468 2603; x_wconf 70' lang='lat' dir='ltr'>boum,</span> 
     </span>
     <span class='ocr_line' id='line_1_34' title="bbox 201 2623 1339 2671; baseline 0.004 -17"><span class='ocrx_word' id='word_1_268' title='bbox 201 2623 224 2654; x_wconf 79' lang='lat'>4</span> <span class='ocrx_word' id='word_1_269' title='bbox 252 2630 290 2655; x_wconf 81' lang='lat' dir='ltr'>et</span> <span class='ocrx_word' id='word_1_270' title='bbox 312 2623 445 2669; x_wconf 74' lang='lat' dir='ltr'>sagina</span> <span class='ocrx_word' id='word_1_271' title='bbox 472 2630 510 2659; x_wconf 72' lang='lat' dir='ltr'>et</span> <span class='ocrx_word' id='word_1_272' title='bbox 535 2632 675 2671; x_wconf 67' lang='lat' dir='ltr'>patera,</span> <span class='ocrx_word' id='word_1_273' title='bbox 710 2634 755 2660; x_wconf 78' lang='lat' dir='ltr'>uc</span> <span class='ocrx_word' id='word_1_274' title='bbox 778 2624 881 2659; x_wconf 62' lang='lat' dir='ltr'>abac</span> <span class='ocrx_word' id='word_1_275' title='bbox 912 2623 1034 2658; x_wconf 74' lang='lat' dir='ltr'>hasta.</span> <span class='ocrx_word' id='word_1_276' title='bbox 1336 2649 1339 2651; x_wconf 96' lang='lat'>-</span> 
     </span>
    </p>
   </div>
  </div>
 </body>
</html>
