1703 2961
196 144 252 184 so
647 141 704 198 Q.
734 142 940 187 CURTn
968 144 1110 189 RUFI

197 256 335 298 solem
355 253 646 305 Graecorum,
666 254 817 296 lunam
846 271 935 298 esse
954 258 1202 307 Persarum,
1233 259 1524 318 quotiensque
1540 265 1554 288 ¹

196 329 265 370 illa
294 328 480 378 deficiat,
519 328 693 369 ruinam
731 335 1006 386 stragemque
1045 330 1124 372 illis
1152 332 1352 389 gentibus
1382 341 1561 388 porten-

198 402 265 444 di:
295 409 529 457 veteraque
556 400 749 456 exempla
765 409 1025 454 percensent
1042 402 1226 444 Persidis
1251 417 1418 459 regum,
1451 420 1560 462 quos

198 473 385 515 adversis
439 473 519 514 diis
571 487 805 528 pugnasse,
864 472 994 515 lunae
1044 474 1304 516 ostendisset
1357 475 1559 519 defectio.

196 546 323 588 Nulla
344 561 411 587 res
440 544 772 586 multitudinem
803 543 1021 587 efficacius
1044 549 1064 571 ²
1096 546 1217 602 regit,
1248 562 1383 603 quam
1414 564 1561 604 super·
1591 570 1609 595 7

195 619 334 666 stitio;
374 616 608 673 alioquin³
654 616 887 672 impotens,
927 633 1063 668 saeva,
1109 618 1344 668 mutabilis,
1376 621 1449 662 ubi
1490 637 1561 662 va-

193 708 250 733 na
280 690 488 747 religione
522 695 648 746 capta
686 695 772 738 est,
805 689 960 731 melius
985 690 1176 739 vatibus,
1210 707 1345 747 quam
1377 692 1560 734 ducibus

194 765 282 807 suis
324 770 460 820 paret.
527 762 662 818 Igitur
709 759 822 801 edita
871 761 916 802 in
954 762 1103 818 vulgus
1141 764 1461 820 Aegyptiorum·
1495 779 1560 806 re·

194 851 354 895 sponsa
385 849 533 875 rursus
563 833 617 874 ad
645 847 770 889 spem
802 839 846 873 et
872 832 1081 875 fiduciam
1113 850 1284 877 erexere
1314 843 1556 892 torpentes.

135 909 190 953 40
282 910 400 958 Rex,
439 908 606 960 impetu
646 904 899 944 animorum
936 906 1153 947 utendum
1188 915 1331 957 ratus,
1365 909 1557 950 secunda
1592 927 1610 954 Β

195 982 336 1040 vigilia
380 987 519 1021 castra
555 977 713 1018 movit:
752 977 900 1018 dextra
938 977 1087 1034 Tigrin
1122 977 1339 1026 habehat,
1375 995 1398 1020 a
1439 979 1559 1021 laeva

195 1062 386 1101 montes,
421 1065 530 1109 quos
569 1048 798 1090 Gordaeos
827 1057 1001 1091 vocant.
1063 1050 1161 1092 Hoc
1191 1051 1430 1107 ingressis4
1464 1053 1558 1102 iter,
1590 1072 1612 1104 9

196 1127 514 1186 speculatores,
560 1121 634 1178 qui
680 1121 904 1176 praemissi
943 1130 1091 1172 erant,
1133 1123 1212 1164 sub
1249 1123 1356 1166 lucis
1396 1131 1558 1174 ortum,

194 1204 394 1244 Dareum
423 1197 658 1237 adventare
689 1194 1014 1236 nuntiaverunt.
1070 1196 1294 1238 Instructo
1323 1197 1453 1253 igitur
1482 1196 1561 1237 mi·

192 1274 267 1317 lite
300 1280 343 1313 et
371 1267 619 1325 composito
648 1266 831 1323 agmine,
863 1267 1164 1309 antecedebat.
1208 1268 1296 1310 Sed
1325 1269 1558 1310 Persarum
1573 1289 1622 1315 ιο

193 1352 442 1388 moratores
467 1343 481 1369 ⁵
527 1346 673 1388 erant,
717 1339 820 1380 mile
857 1339 1021 1389 ferme,
1052 1340 1124 1397 qui
1153 1340 1346 1397 speeiem
1378 1341 1560 1397 agminis

193 1417 341 1474 magni
382 1415 597 1456 fecerant:
640 1411 801 1467 quippe
836 1411 911 1452 ubi
957 1410 1168 1465 explorari
1208 1428 1308 1454 vera
1341 1428 1433 1454 non
1460 1429 1560 1470 pos-

192 1498 309 1538 sunt,
347 1487 453 1529 falsa
490 1499 571 1542 per
604 1490 776 1524 metum
817 1491 1040 1539 augentur.
1063 1486 1082 1509 ⁶
1149 1484 1228 1526 His
1259 1485 1453 1542 cognitis,
1485 1502 1619 1530 rexxx

193 1579 297 1606 cum
327 1559 478 1618 paucis
508 1571 691 1598 suorum
723 1563 943 1596 assecutus
975 1571 1131 1612 agmen
1163 1556 1475 1615 refugientium
1501 1559 1557 1600 ad

192 1650 305 1683 suos,
343 1632 447 1673 alios
490 1628 662 1677 cecidit,
713 1627 818 1668 alios
856 1628 991 1684 cepit:
1036 1629 1290 1687 equitesque
1330 1631 1557 1686 praemisit

192 1706 480 1766 speculatum,
501 1705 519 1727 ⁷
561 1699 689 1742 simul
725 1707 776 1740 ut
818 1699 977 1756 ignem,
1006 1716 1093 1757 quo
1126 1701 1303 1742 barbari
1337 1717 1556 1744 cremave-

188 1787 291 1823 rant
337 1778 469 1825 vicos,
520 1773 830 1828 extinguerent.
915 1771 1090 1828 Quippe
1134 1772 1348 1829 fugientes
1390 1775 1616 1832 raptim12

188 1852 316 1895 tectis
355 1846 606 1903 acervisque
643 1841 856 1885 frumenti
894 1843 1137 1886 iniecerant
1182 1845 1397 1895 flammas,
1443 1863 1554 1905 quae

189 1941 293 1968 eum
329 1923 374 1964 in
414 1933 590 1963 summo
628 1915 879 1966 haesissent,
917 1916 974 1957 ad
1013 1916 1219 1958 inferiora
1252 1918 1452 1959 nondum
1480 1935 1554 1976 pe-

186 2000 481 2039 netraverant.
538 1990 747 2033 Extincto
777 1989 906 2044 igitur
935 1988 1046 2045 igne,
1077 1989 1319 2046 plurimum
1337 1989 1550 2033 frumenti
1569 2009 1615 2038 13

187 2075 415 2126 repertum
446 2072 532 2106 est:
569 2061 694 2118 copia
725 2060 908 2101 aliarum
939 2075 1114 2118 quoque
1145 2077 1295 2103 rerum
1326 2063 1550 2106 abundare

190 2145 445 2198 coeperunt.
506 2136 571 2177 Ea
611 2149 678 2174 res
716 2133 808 2187 ipsa
842 2133 968 2174 militi
1002 2134 1056 2175 ad
1089 2136 1443 2191 persequendum
1472 2136 1551 2178 ho-

188 2221 300 2256 stem
343 2211 543 2252 animum
582 2205 798 2248 incendit:
838 2205 1000 2262 quippe
1039 2213 1192 2247 urente
1235 2213 1278 2247 et
1308 2208 1548 2264 populante

188 2301 242 2328 eo
279 2292 466 2333 terram,
518 2278 818 2322 festinandum
857 2285 972 2326 erat,
1031 2293 1084 2319 ne
1133 2278 1338 2320 incendio
1389 2290 1549 2323 cuncta

183 2355 468 2416 praeciperet.
495 2353 511 2379 ⁸
573 2352 625 2393 In
649 2349 870 2392 rationem
897 2364 998 2407 ergo
1025 2350 1255 2392 necessitas
1281 2367 1401 2393 versa
1429 2357 1547 2402 est;9
1565 2371 1612 2400 14

1386 2424 1548 2481 quippe

132 2537 151 2543 ⁶
188 2550 206 2574 1
236 2547 400 2595 quoties.
449 2544 470 2569 2
498 2541 691 2577 efficacius
715 2541 1013 2578 multitudinem.
1063 2541 1082 2571 3
1111 2543 1270 2589 alioqui.
1319 2545 1341 2576 4
1363 2544 1546 2590 ingresso.

279 2603 297 2630 5
325 2600 594 2646 exploratores.
808 2597 829 2622 6
853 2603 1097 2641 augurantur.
1310 2598 1326 2626 7
1353 2599 1549 2645 praemisit

279 2669 294 2689 s
307 2657 318 2689 i
332 2668 368 2689 m
383 2654 429 2687 ul
453 2652 705 2699 speculatum.
910 2652 927 2679 8
945 2649 1190 2696 praeriperet.
1388 2652 1408 2678 9
1423 2651 1544 2686 abest.
