1703 2961
218 128 301 172 1'22
678 128 735 184 Q.
767 128 970 171 CURTH
1006 128 1146 171 RUFI

217 259 323 300 queg
354 241 386 282 si
418 240 574 289 minus,
603 240 683 282 sibi
714 241 978 298 ignosceret:
1021 255 1103 295 pro
1134 243 1378 284 necessario
1405 258 1455 286 ac
1474 258 1574 301 pro-

213 316 382 373 pinquo
413 327 504 363 suo,
535 312 623 354 iam
663 329 754 353 non
794 312 933 363 hoste,
972 313 1048 354 sed
1075 313 1286 368 supplice,
1316 321 1489 356 tantum
1514 316 1574 357 vi·-

214 398 308 431 tam
354 385 537 444 precari.
625 385 979 426 Moderationem
1031 384 1399 441 clementiamque
1449 380 1681 444 regis,15'ss

214 476 325 519 quae
363 467 469 500 tunc
514 456 620 504 fuit,
665 456 731 498 vel
766 472 852 497 una
891 456 1001 498 haec
1040 471 1109 497 res
1144 457 1281 513 possit
1318 459 1570 500 ostendere:

212 549 305 576 non
334 529 503 574 Madati
542 528 680 569 modo
720 528 896 584 ignovit,
941 528 1016 570 sed
1055 543 1210 570 omnes
1246 536 1289 570 et
1327 529 1496 571 deditos
1526 539 1570 573 et

212 599 405 664 captivos
443 598 645 642 libertate
687 607 817 658 atque
848 601 1133 642 immunitate
1169 601 1368 651 donavit,
1412 603 1569 644 urbem

208 676 384 733 reliquit
411 674 636 723 intactam,
677 687 802 730 agros
839 673 932 714 sine
974 673 1144 714 tributo
1178 673 1321 715 colere
1354 672 1565 730 permisit.

207 751 247 791 A
273 749 440 790 victore
467 746 615 787 Dareo
647 746 772 802 plura
804 753 947 787 mater
973 759 1064 785 non
1095 744 1383 801 impetrasset.

173 815 179 837 ,
574 815 579 820 .

147 858 198 898 12
285 849 503 892 Uxiorum
558 847 716 888 deinde
773 853 950 903 gentem
1002 845 1232 887 subactam
1277 846 1566 892 Susianorum
1581 863 1631 891 16
1678 883 1682 907 ;

207 918 404 979 satrapae
424 924 437 945 ¹
484 918 746 963 contribuit:
781 918 1009 975 divisisque
1043 933 1143 959 cum
1173 918 1464 960 Parmenione
1495 935 1567 962 co-

205 998 309 1055 piis,
352 994 473 1036 illum
520 990 755 1049 campestri
800 990 954 1031 itinere
999 989 1242 1046 procedere
1280 990 1419 1040 iubet;
1474 991 1563 1045 ipse

203 1060 307 1113 c'um
340 1064 540 1124 expedito
578 1063 750 1120 agmine
777 1063 928 1119 iugum
958 1063 1181 1104 montium
1212 1063 1341 1119 cepit,
1372 1078 1563 1120 quorum

201 1145 464 1198 perpetuum
506 1137 688 1178 dorsum
727 1136 772 1176 in
801 1135 1026 1176 Persidem
1056 1134 1254 1176 excurrit.
1313 1133 1451 1176 Omni
1479 1134 1625 1180 hac17
1678 1144 1681 1197 ζ

200 1214 377 1271 regione
405 1216 584 1259 vastata,
617 1208 747 1250 tertio
776 1208 845 1249 die
875 1208 1112 1257 Persidem,
1144 1207 1300 1265 quinto
1331 1207 1561 1263 angustias,

200 1302 308 1344 quas
339 1284 395 1331 illi
434 1281 611 1324 Susidas
642 1280 763 1340 pylas
806 1287 982 1329 vocant,
1023 1280 1170 1321 intrat.
1238 1278 1560 1324 Ariobarzanes

197 1358 276 1400 has
306 1373 409 1400 cum
438 1366 519 1396 xxv
549 1352 723 1394 milibus
752 1351 951 1406 peditum
974 1356 1268 1407 occupaverat
1297 1365 1439 1404 rupes,
1470 1351 1563 1392 abs-

199 1430 340 1473 cisas²
375 1436 419 1474 et
444 1426 637 1484 undique
656 1431 932 1481 praeruptas,
963 1423 1006 1463 in
1038 1437 1225 1479 quarum
1258 1421 1561 1464 cacuminibus

198 1510 317 1544 extra
354 1499 427 1542 teli
462 1499 627 1540 iactum
667 1495 842 1538 barbari
880 1494 1067 1544 stabant,
1099 1494 1152 1534 de
1187 1493 1397 1535 industria
1428 1494 1561 1551 quieti

199 1582 243 1614 et
268 1570 529 1629 paventibus
569 1569 738 1617 similes,
782 1567 924 1608 donec
967 1567 1011 1607 in
1046 1566 1280 1607 artissimas
1315 1565 1464 1609 fauces
1489 1582 1561 1623 pe-

194 1650 391 1687 netraret
443 1649 613 1700 agmen.
681 1638 816 1694 Quod
855 1638 930 1678 ubi
972 1644 1234 1699 contemptu
1270 1638 1334 1678 sui
1378 1653 1619 1694 pergerem

193 1717 355 1765 vident,
386 1722 482 1755 tum
513 1729 616 1755 vero
648 1709 832 1766 ingentis
862 1708 1171 1765 magnitudinis
1202 1724 1300 1749 saxa
1328 1724 1409 1766 per
1432 1725 1557 1751 mon-

191 1790 304 1837 tium
333 1802 471 1842 prona
509 1784 755 1831 devolvunt,
784 1796 894 1838 quae
927 1781 1097 1822 incussa
1129 1781 1299 1837 saepius
1330 1781 1556 1824 subiacen-

190 1863 307 1903 tibus
332 1859 465 1916 petris
494 1856 663 1898 maiore
702 1854 742 1895 vi
777 1853 1045 1903 incidebant,
1072 1868 1154 1894 nec
1181 1851 1372 1908 singulos
1402 1853 1556 1902 modo,
1676 1905 1679 1912 Ι

191 1935 266 1982 ‚sed
306 1932 478 1989 agmina
515 1928 817 1987 proterebant.
886 1925 1051 1967 Fundis
1086 1940 1263 1982 quoque
1303 1926 1466 1967 excussi
1500 1926 1619 1980 la-19
1675 1923 1678 1969 Ξ

189 2007 311 2064 pides
343 2011 387 2046 et
416 2003 594 2060 sagittae
624 1999 818 2056 undique
855 1998 1177 2055 ingerebantur.
1197 1998 1214 2025 3
1276 1996 1370 2038 Nee
1401 1997 1444 2038 id
1475 1998 1555 2039 mi·
1675 1995 1678 2005 ’

189 2078 424 2120 serrimum
452 2074 639 2122 [ortibus
667 2071 767 2113 viris
799 2078 903 2121 erat,
934 2070 1010 2111 sed
1043 2069 1164 2127 quod
1195 2068 1319 2110 inulti
1337 2069 1552 2127 quidem*

186 2151 383 2191 ferarum
422 2148 509 2188 ritu
547 2145 665 2188 velut
700 2144 744 2184 in
777 2142 905 2184 fovea
950 2140 1209 2199 deprehensi
1250 2141 1551 2184 caederentur.

187 2225 256 2270 lra
291 2222 420 2278 igitur
450 2219 495 2260 in
532 2217 702 2258 rabiem
738 2229 882 2264 versa,
919 2213 1156 2255 eminentia
1196 2228 1291 2254 saxa
1323 2214 1618 2270 complexi‚20
1674 2230 1677 2271 ’ἱ

189 2303 236 2337 ut
266 2294 321 2334 ad
364 2292 540 2336 hostem
578 2279 904 2346 pervenirent,5
952 2285 1058 2326 alius
1098 2284 1228 2344 alium
1259 2284 1449 2327 levantes
1480 2302 1554 2329 co-

188 2367 410 2411 nabantur
445 2361 691 2405 ascendere.
755 2360 821 2400 Ea
854 2358 954 2413 ipsa,
987 2356 1229 2398 multorum
1261 2356 1389 2398 simul
1415 2358 1554 2399 mani-

187 2439 269 2480 bus
310 2441 513 2497 correpta
548 2440 593 2474 et
635 2431 855 2483 convulsa,
895 2431 942 2472 in
970 2444 1056 2480 eos,
1091 2428 1165 2485 qui
1202 2437 1551 2483 commoverant,

189 2606 205 2630 1
231 2603 433 2648 satrapiae,
637 2598 659 2623 2
685 2598 878 2632 abscissas.
1089 2594 1108 2624 3
1141 2595 1414 2640 ingerebantur
1438 2595 1549 2630 undi-

278 2668 369 2704 que,
570 2653 593 2686 4
618 2652 739 2687 abewc.
940 2649 961 2679 S
985 2649 1222 2695 perveniant.
