1703 2961
519 104 983 153 PRAEFATIO.
1337 123 1424 154 xlx

57 230 160 275 lem
198 227 446 282 Beerium‚
494 225 654 269 olium
700 223 1011 285 discipulum
1059 241 1243 283 meum,
1284 242 1425 273 nunc

55 294 275 356 poeticis
321 290 493 337 studiis
543 289 975 345 inclarescentem,
1042 305 1245 336 mecum
1289 308 1425 338 com-

52 359 325 414 municata,
361 371 387 401 e
421 353 603 416 quibus
640 356 867 416 cognovi,
903 354 1030 400 nihil
1068 357 1119 399 in
1152 357 1244 401 illis
1280 357 1419 403 libris

52 438 176 479 esse,
228 420 290 468 de
326 436 427 481 quo
464 435 571 464 non
607 418 808 464 abunde
858 436 919 465 ex
953 420 1257 466 Florentinis
1301 438 1420 467 con-

51 500 217 533 staret.
288 485 387 532 Sed
420 484 521 530 hoc
567 485 619 529 in
656 487 867 530 transitu
905 500 1115 530 monere
1153 502 1261 532 non
1303 487 1420 533 alie·

50 569 176 598 num
213 551 329 607 erit,
388 549 544 595 videri
592 549 824 595 codicem
870 552 995 597 5718
1036 550 1255 597 eundem
1297 568 1421 610 esse,

53 633 206 678 quem
239 613 363 660 olim
395 616 572 660 Petrus
607 613 863 676 Pythoeus
897 614 1214 676 possidebat,
1275 619 1418 662 cuius

49 681 298 728 variantes
350 679 599 725 lectiones
648 695 754 724 non
816 679 1090 726 admodum
1154 680 1421 743 diligenter

52 757 325 807 excerptae
359 743 413 790 in
444 745 751 790 collectione
776 745 1193 792 Freinshemiana
1229 747 1416 803 insunt,

50 813 91 856 si
126 813 239 872 quis
276 808 408 855 forte
440 809 714 870 aliquando
751 825 811 855 eo
851 809 1040 856 indicio
1078 813 1149 856 uti
1182 812 1320 857 volet
1355 812 1419 858 ad

46 873 371 937 purgandum
392 874 536 919 illum
553 877 856 920 variantium
873 876 1155 920 lectionum
1173 876 1419 924 libellum.

178 942 267 986 His
306 941 455 1002 igitur
488 941 633 985 novis
668 940 934 1000 praesidiis
969 940 1169 985 adiutus
1201 957 1318 987 cum
1345 945 1419 987 in·-

45 1005 368 1060 tellexissem,
403 1002 614 1049 nimium
654 1019 807 1065 saepe
844 1020 1024 1061 errare,
1072 1007 1160 1066 qui
1196 1018 1420 1053 veterem

46 1071 350 1131 scriptorem
383 1083 436 1114 se
472 1069 640 1131 legere
673 1072 766 1114 rati
805 1069 1036 1115 ludibriis
1063 1072 1420 1131 imperitorum

44 1146 362 1190 vexarentur,
383 1145 547 1179 totum
570 1149 703 1195 opus
728 1133 900 1180 denuo
930 1138 1244 1182 recensitum
1268 1136 1418 1182 edere

50 1215 242 1261 operae
286 1199 513 1260 pretium
557 1198 839 1247 videbatur.
938 1201 1110 1260 Quem
1156 1201 1232 1247 ad.
1262 1199 1419 1247 finem

47 1265 471 1310 commentarium
514 1266 817 1326 conscripsi,
863 1265 917 1310 in
961 1280 1063 1326 quo
1101 1264 1164 1311 de
1207 1267 1417 1329 singulis

43 1330 490 1376 locis‘accuratius
526 1338 741 1391 agerem,
776 1328 1015 1376 codicum
1049 1345 1167 1376 mss.
1206 1343 1255 1376 et
1286 1344 1419 1377 vete-

45 1411 159 1440 rum
210 1394 494 1440 editionum
547 1396 825 1456 scripturas
879 1411 1227 1452 recenserem,
1295 1396 1419 1458 quid

43 1470 235 1515 verum,
284 1457 406 1519 quid
449 1457 635 1504 falsum
691 1470 824 1506 esset
868 1474 930 1504 ex
964 1462 1214 1507 sermonis
1249 1461 1418 1507 Latini

44 1538 322 1585 rerumque
368 1525 597 1583 ipsarum
649 1536 832 1569 natura
886 1523 1235 1581 diiudicarem,
1277 1526 1420 1571 loco-⁴

44 1604 159 1634 rum
210 1587 433 1646 denique
498 1589 740 1648 gravioris
808 1587 1019 1633 remedii
1081 1589 1419 1651 indigentium

46 1650 348 1698 emendandi
377 1652 480 1696 vias
517 1662 567 1696 et
602 1649 664 1696 ab
699 1650 810 1697 aliis
850 1653 999 1699 initas
1034 1665 1083 1698 et
1122 1670 1149 1699 a
1181 1671 1263 1701 me
1299 1658 1417 1717 ipso

43 1719 272 1764 inventas
336 1731 707 1776 proponerem.
806 1715 959 1763 Nunc
1023 1728 1217 1778 autem,
1290 1736 1418 1782 quo-

42 1781 183 1829 niam
211 1783 279 1827 ita
311 1780 509 1826 videtur
542 1783 667 1826 ratio
702 1781 1047 1844 plurimorum
1082 1784 1336 1832 lectorum
1370 1797 1421 1832 et'

44 1847 449 1894 adolescentium
489 1847 740 1907 imprimis
787 1848 1100 1908 antiquitatis
1167 1850 1418 1897 studioso-

43 1928 159 1958 rum
192 1911 472 1972 postulare,
521 1909 744 1957 necdum
786 1923 848 1958 eo
892 1911 1017 1958 mihi
1061 1916 1274 1977 contigit
1317 1915 1416 1962 frui

46 1979 168 2034 oti0,
195 1989 252 2022 ut
286 1987 418 2037 quae
454 1977 770 2037 scripsissem
791 1978 1118 2038 percolerem
1142 1991 1192 2026 et
1226 1980 1418 2027 forensi

43 2043 190 2104 quasi
225 2052 365 2087 veste
399 2040 679 2098 induerem,
715 2043 889 2103 ipsum
926 2042 1155 2092 Curtium
1188 2047 1297 2092 sine
1331 2059 1420 2108 ap-

44 2114 229 2170 paratu
274 2107 365 2151 illo
414 2105 563 2163 edidi,
632 2121 843 2169 sperans
887 2105 1090 2153 interim
1135 2125 1233 2168 me,
1300 2111 1421 2158 dum

48 2172 471 2219 commentarium
522 2171 858 2233 typographis
903 2171 1295 2221 describendum
1336 2176 1420 2222 da-

49 2253 172 2294 rem,
215 2247 265 2282 et
300 2237 574 2281 sententias
606 2236 878 2281 hominum
913 2235 1184 2286 doctorum
1218 2240 1282 2287 de
1328 2235 1419 2287 ‹lif-v

47 2299 343 2349 ficilioribus
380 2301 576 2362 aliquot
613 2298 741 2347 locis
778 2304 1113 2364 cogniturum,
1160 2312 1210 2351 et
1254 2304 1416 2352 bonas

47 2368 333 2413 voluntates
374 2367 428 2411 in
463 2365 704 2428 augendis
746 2369 910 2429 copiis
947 2371 1136 2415 nostris
1181 2384 1419 2432 expertu-

48 2447 176 2478 rum.
245 2431 376 2478 Nam
405 2442 550 2493 aegre
583 2430 818 2477 desidero
857 2445 939 2478 eas
978 2433 1243 2492 editiones,
1286 2446 1419 2497 quae

42 2497 183 2542 'inter
213 2495 452 2543 Aldinam
486 2507 538 2541 et
556 2497 855 2542 Modianam
889 2499 1205 2556 interiacent,
1242 2503 1416 2563 impri-

49 2562 143 2608 mis
177 2560 551 2607 Frobenianam
596 2573 646 2609 et
681 2561 1034 2624 Gryphianam
1074 2578 1103 2610 a
1147 2567 1284 2624 1545,
1331 2582 1422 2612 nea
