1703 2961
437 122 520 164 DE
549 119 758 164 GEs'rls
788 121 957 164 ALEx.
989 124 1190 175 v111‚28.
1417 127 1500 172 277

135 246 271 279 tecum
302 239 657 287 introduxissem,
687 237 990 288 dignissimum
1038 247 1082 278 te
1110 239 1329 293 discipulo
1365 234 1500 295 mag'i-

129 320 288 352 scrum:
320 327 429 352 nunc
458 313 668 367 Olynthio
704 323 788 349 non
816 311 931 348 idem
970 312 1079 349 iuris
1108 321 1186 350 esc.

59 385 112 419 ‘20
210 382 314 423 Post
350 381 460 425 haec
502 382 734 424 consilium
781 380 954 430 dimisit,
1005 381 1208 438 tradique
1255 382 1553 434 damnatos29

121 452 389 506 hominibus,
434 455 507 511 qui
553 470 602 496 ex
644 453 796 495 eadem
839 452 1023 494 cohorte
1056 460 1195 501 erant,
1227 452 1358 495 iussit.
1408 456 1488 506 nli,

120 531 169 566 ut
206 524 340 567 fidem
381 542 506 567 suam
545 525 717 568 saevitia
746 524 834 581 regi
865 525 1181 580 approbarent,
1212 527 1486 569 excruciatos

0 623 3 646 ι
54 608 98 634 21
115 607 397 640 necaverunt.
464 598 754 641 Callisthenes
793 612 970 654 quoque
1001 604 1143 638 tortus
1175 597 1354 647 interiit,
1385 599 1482 640 initi

118 670 283 712 consilii
333 670 379 711 in
428 679 559 727 caput
597 672 706 728 regis
755 668 965 718 innoxius,
1019 669 1094 710 sed
1135 667 1481 727 haudquaquam

0 769 2 791 :
54 752 101 777 22
118 742 239 783 aulae
272 748 315 782 et
347 743 662 784 assentantium
693 741 1060 784 accommodatus
1092 741 1278 798 ingenio.
1323 746 1480 800 Itaque

113 813 271 854 nullius
313 815 466 856 caedes
506 815 721 856 maiorem
759 813 877 870 apud
910 813 1105 855 Graecos
1131 814 1379 855 Alexandro
1410 830 1479 856 ex-

114 885 261 926 citavit
291 886 515 937 invidiam,
548 887 666 944 quod
699 886 951 942 praeditum
976 886 1152 940 optimis
1182 886 1380 927 moribus
1411 900 1477 928 ar-

109 957 326 1014 tibusque,
363 973 386 999 a
425 974 513 1016 quo
559 966 788 1000 revocatus
826 958 881 999 ad
909 958 1044 998 vitam
1074 964 1178 1008 erat,
1212 973 1314 999 cum
1343 958 1475 999 inter-

106 1027 224 1070 iecto
256 1028 373 1071 Clito
410 1030 525 1070 mori
559 1037 869 1085 perseveraret,
908 1044 1001 1070 non
1038 1036 1214 1070 tantum
1244 1029 1472 1077 occiderit,

42 1111 90 1140 23
107 1101 183 1141 sed
212 1101 345 1150 etiam
374 1102 551 1143 torserit
580 1102 743 1144 indicta
776 1103 956 1159 quidem
989 1115 1131 1142 causa.
1191 1101 1339 1156 Quam
1374 1116 1470 1144 cru-

107 1171 332 1214 delitatem
364 1188 459 1214 sera
496 1173 768 1230 poenitentia
799 1179 1035 1215 consecuta
1065 1180 1142 1214 est.

43 1282 98 1312 IX.
183 1273 270 1315 Sed
297 1289 353 1314 ne
384 1274 526 1315 otium
563 1273 755 1315 serendis
783 1272 1038 1314 rumoribus
1058 1281 1215 1315 natum
1244 1274 1392 1322 aleret,
1417 1274 1528 1321 insso

101 1344 276 1386 Indiam
306 1347 458 1397 movit,
489 1361 668 1405 semper(
693 1345 811 1387 bello
841 1360 972 1403 quam
994 1353 1094 1400 post
1121 1346 1353 1388 victoriam
1382 1346 1465 1388 cla-

48 1431 69 1454 2
101 1416 204 1457 rior.
268 1418 393 1460 India
431 1425 526 1461 tota
563 1419 704 1460 ferme
741 1424 911 1475 spectat
954 1417 1201 1466 Orientem,
1241 1418 1386 1459 minus
1416 1419 1463 1460 in

46 1501 66 1530 3
98 1488 388 1538 latitudinem,
426 1505 557 1546 quam
592 1498 711 1531 recta
754 1489 932 1546 regione
959 1489 1160 1546 spatiosa.
1222 1489 1348 1545 Quae
1373 1492 1462 1531 Au-

99 1570 241 1603 strum
272 1562 507 1618 accipiunt,
546 1562 591 1603 in
621 1562 747 1603 altius
782 1568 925 1602 terrae
960 1561 1184 1618 fastigium
1221 1563 1458 1612 excedunt;

96 1634 225 1690 plana
273 1641 374 1675 sunt
413 1641 580 1683 cetera,
625 1633 860 1690 multisque
902 1633 1060 1674 inclitis
1099 1634 1302 1675 amnibus
1343 1633 1458 1677 Cau-

99 1720 199 1746 caso
226 1713 380 1747 monte
416 1705 523 1746 ortis
550 1705 772 1760 placidum
793 1719 873 1760 per
906 1721 1087 1762 campos
1119 1706 1204 1747 iter
1228 1707 1454 1763 praebent.

41 1792 66 1816 4
96 1777 233 1818 Indus
267 1777 452 1835 gelidior
481 1784 556 1827 est,
584 1792 718 1834 quam
751 1775 908 1818 ceteri:
942 1792 1076 1834 aquas
1106 1777 1223 1819 vehit
1249 1794 1272 1819 a
1306 1779 1456 1822 colore

44 1863 62 1890 s
96 1849 228 1890 maris
272 1848 392 1891 haud
439 1849 630 1890 multum
676 1847 978 1889 abhorrentes.
1047 1848 1220 1906 Ganges
1252 1851 1455 1894 omnium

94 1922 149 1963 ab
195 1921 377 1964 Oriente
423 1921 606 1963 fluvius¹
661 1919 840 1961 eximius
885 1919 941 1960 ad
981 1921 1273 1964 meridianam
1316 1925 1456 1981 regio-

92 2009 197 2035 nem
228 1993 433 2043 decurrit,
462 2001 505 2034 et
533 2008 797 2049 magnorum
823 1991 1044 2033 montium
1068 1994 1165 2049 iuga
1186 2003 1309 2037 recto
1331 1996 1453 2039 alveo

91 2064 283 2126 stringit;
314 2065 415 2107 inde
435 2070 455 2092 ²
485 2081 586 2106 eum
607 2064 805 2106 obiectae
835 2079 966 2119 rupes
986 2064 1198 2107 inclinant
1219 2068 1273 2109 ad
1295 2068 1454 2111 Orien-

40 2145 65 2174 6
91 2144 194 2193 tem.
252 2137 480 2194 Uterque³
517 2137 671 2178 Rubro
709 2137 820 2176 mari
858 2135 1092 2192 accipitur,
1124 2136 1293 2181 findens
1321 2124 1450 2198 rissas,

89 2208 370 2266 multasque4
410 2209 589 2250 arbores
634 2224 736 2250 cum
774 2222 931 2264 magna
962 2208 1038 2249 soli
1079 2218 1204 2266 parte
1237 2215 1449 2265 exsorbet‚

40 2295 58 2322 7
91 2280 196 2321 saxis
227 2297 402 2338 quoque
433 2281 680 2336 impeditus,
711 2279 899 2337 quibus⁵
936 2280 1092 2322 crebro
1124 2286 1452 2337 reverberatur3

91 2351 164 2392 ubi
193 2353 364 2394 mollius
393 2353 536 2395 solum
561 2352 734 2409 reperit,
764 2359 946 2408 stagnat,
976 2351 1225 2411 insulasque
1258 2358 1452 2400 molitur.

39 2437 58 2464 8
89 2422 294 2464 Acesines
322 2425 522 2466 Indum⁶
554 2432 702 2482 auget:
740 2424 1063 2466 decursurum⁷
1099 2425 1141 2466 in
1169 2443 1292 2470 mare
1322 2430 1453 2472 inter-

837 2533 855 2549 ι)

61 2571 63 2574 .
89 2531 106 2556 ¹
126 2530 279 2577 Ganges
296 2535 419 2568 amnis
436 2537 483 2569 ab
502 2544 588 2570 ortu
613 2533 787 2570 eximius.
838 2547 857 2557 υ
877 2545 963 2567 mss.
982 2535 1038 2569 in.
1087 2537 1106 2565 3
1123 2539 1266 2584 thue.
1316 2541 1338 2571 4
1355 2542 1453 2574 mul-

175 2593 245 2620 tas,
317 2588 337 2615 5
365 2589 485 2626 abest.
558 2590 580 2616 6
609 2593 668 2625 Ex
693 2585 845 2622 emend.
873 2586 996 2622 codd.
1059 2593 1163 2626 ‹esin
1192 2604 1291 2626 eum.
1325 2594 1450 2639 Vulgo

174 2640 353 2675 Acesines
382 2655 482 2677 eum.
612 2645 630 2671 7
662 2643 772 2677 Libri
799 2653 882 2673 mss.
911 2652 950 2680 ec
980 2644 1079 2679 editi
1103 2647 1296 2692 Ganges
1321 2647 1454 2681 decur-

174 2705 316 2735 surum,
343 2698 437 2730 item
462 2708 600 2743 postea
625 2699 772 2745 quippe
803 2696 992 2746 Ganges
1018 2712 1206 2747 asperum.
