1703 2961
404 113 484 153 ΒΕ
530 110 736 153 GES‘HS
777 110 940 152 ALEx.
972 111 1082 161 vm,
1114 109 1179 155 17.
1373 114 1460 155 -265

75 244 92 264 2
128 225 247 266 iussit
286 232 328 266 et
367 223 420 265 ad
457 238 500 265 se
540 229 706 264 armata
751 223 943 279 perduci,
987 223 1158 265 obsides
1189 224 1314 266 simul
1341 223 1462 268 habi-

127 305 243 337 turus
268 304 311 338 et
339 297 507 337 milites.
557 295 788 337 Craterum
809 300 820 320 ¹
855 295 908 336 ad
930 295 1251 351 persequendos
1282 298 1463 339 llausta-

123 382 223 407 nem
255 375 298 408 et
327 368 555 417 Catenem,
594 367 666 423 qui
695 366 747 406 ab
777 366 870 421 ipso
903 366 1162 415 defecerant,
1192 367 1326 408 misit:
1358 385 1463 426 quo-

122 452 219 478 rum
247 439 486 481 Haustanes
516 445 667 494 captus
694 445 768 484 est,
788 437 978 479 Catenes
1006 438 1052 478 in
1080 437 1246 494 proelio
1279 439 1458 481 occisus.

122 510 390 567 Polypercon
432 525 605 568 quoque
634 510 878 565 regionem,
913 525 1022 566 quae
1053 509 1286 551 Bubacene
1319 512 1462 567 appel-

72 597 88 624 3
122 581 247 629 latur,
286 584 329 624 in
361 584 578 624 dicionem
609 582 782 637 redegit.
854 584 1018 638 Itaque,
1050 581 1252 622 omnibus
1284 596 1462 636 compo-

120 653 230 702 sitis,
272 654 555 709 cogitationes
595 653 639 694 in
676 653 838 693 bellum
882 654 1084 695 Indicum
1120 653 1261 694 vertit.
1329 653 1461 696 Dives

119 725 234 779 regio
266 723 510 767 habebatur
538 741 627 767 non
658 739 763 765 auro
795 724 944 774 modo,
972 726 1046 766 sed
1074 725 1256 781 gemmis
1287 740 1462 783 quoque

118 797 465 853 margaritisque,
506 799 560 838 ad
600 798 746 838 luxum
775 797 910 852 magis
940 812 1072 853 quam
1097 797 1151 838 ad
1187 796 1462 853 magnificen-

63 885 86 910 4
116 867 223 908 tiam
254 869 432 911 exculta.
493 869 656 910 Periti2
688 868 893 909 militares
931 884 1036 910 auro
1068 876 1112 909 et
1140 867 1272 909 ebore
1300 868 1462 924 fulgere

119 939 340 981 dicebant:
369 941 527 997 itaque,
558 940 715 983 necubi
734 941 1000 990 vinceretur,
1030 956 1132 982 cum
1161 940 1314 982 ceteris
1341 955 1464 996 prae-

117 1018 263 1059 staret,
307 1013 437 1054 scutis
478 1022 700 1068 argenteas
739 1011 932 1061 laminas,
970 1013 1090 1069 equis
1124 1011 1271 1053 frenos
1309 1027 1463 1055 aureos

117 1082 294 1132 addidit,
334 1083 489 1125 loricas
528 1099 702 1142 quoque
737 1082 839 1123 alias
875 1097 997 1130 auro,
1034 1083 1134 1124 alias
1174 1091 1352 1139 argento
1392 1086 1466 1127 ad-

118 1154 299 1195 ornavit.
362 1168 439 1196 cxx
470 1155 586 1196 milia
617 1161 889 1196 armatorum
917 1162 1052 1203 erant,
1093 1170 1203 1210 quae
1231 1171 1380 1212 regem
1410 1158 1466 1199 ad

65 1243 80 1270 5
117 1223 160 1264 id
187 1226 349 1266 bellum
381 1227 688 1283 sequebantur.
743 1229 926 1282 Iamque
957 1225 1161 1267 omnibus
1185 1230 1464 1284 praeparatis,

115 1299 235 1354 quod
265 1298 369 1339 olim
410 1312 541 1353 prava
581 1305 728 1339 mente
770 1306 1046 1354 conceperat,
1071 1305 1176 1340 tunc
1207 1313 1296 1339 esse
1322 1308 1465 1341 matu-

116 1384 218 1410 rum
249 1368 427 1425 [ratus]
449 1371 465 1398 3
499 1384 693 1426 quonam
732 1370 868 1410 modo
901 1369 1106 1411 coelestes
1128 1368 1320 1412 honores
1346 1387 1466 1413 usur-

114 1449 255 1496 paret,
294 1441 438 1495 coepit
475 1440 649 1496 agitare.
725 1441 835 1482 Iovis
872 1440 1009 1481 filium
1046 1455 1138 1481 non
1177 1442 1262 1483 dici
1289 1450 1462 1486 tantum

117 1529 175 1560 se,
215 1513 289 1554 sed
320 1513 453 1553 etiam
494 1512 611 1553 credi
645 1512 833 1560 volebat,
860 1520 1073 1568 tanquam
1101 1513 1282 1569 perinde
1312 1515 1465 1558 animis

64 1596 86 1624 6
117 1585 334 1640 imperare
379 1590 524 1638 posset
563 1597 614 1624 ac
651 1582 828 1638 linguis,
877 1583 1021 1640 itaque
1070 1599 1196 1626 more
1233 1585 1465 1629 Persarum

115 1656 383 1697 Macedonas
422 1654 754 1695 venerabundos
791 1653 934 1710 ipsum
973 1654 1157 1697 salutare
1189 1665 1466 1711 prosternen-

116 1735 180 1769 tes
217 1727 341 1768 humi
382 1740 582 1781 corpora.
643 1727 749 1766 Non
796 1727 946 1767 deerat
993 1726 1094 1767 talia
1136 1730 1464 1786 concupiscenti

115 1799 358 1855 perniciosa
393 1797 596 1846 adulatio,
635 1803 896 1852 perpetuum
942 1798 1110 1840 malum
1151 1814 1318 1855 regum,
1359 1818 1466 1857 quo-

65 1889 81 1913 7
116 1885 215 1911 rum
246 1885 350 1926 opes
378 1868 545 1925 saepius
576 1869 818 1917 assentatio,
848 1883 979 1924 quam
999 1869 1135 1911 hostis
1165 1872 1328 1913 evertit.
1370 1874 1464 1916 Nec

116 1942 412 1984 Macedonum
459 1940 567 1981 haec
617 1947 711 1981 erat
756 1940 901 1996 culpa,
947 1956 1080 1981 nemo
1120 1941 1237 1982 enim
1284 1944 1460 1987 iliorum

117 2013 354 2070 quicquam
393 2027 443 2052 ex
481 2012 624 2068 patrio
659 2026 783 2052 more
802 2012 947 2053 labare
978 2012 1190 2062 sustinuit,
1220 2016 1295 2056 sed
1325 2015 1459 2059 Grrae-

118 2099 288 2131 corum,
328 2083 400 2140 qui
438 2082 754 2139 professionem
797 2083 1081 2125 honestarum
1130 2086 1291 2126 artium
1339 2089 1464 2131 malis

67 2173 84 2200 8
119 2162 408 2212 corruperant
436 2155 644 2196 moribus.
694 2155 798 2208 Agis
827 2157 1004 2212 quidam
1033 2157 1228 2211 Argivus,
1260 2159 1466 2213 pessimo-

111 2243 212 2269 rum
252 2227 498 2269 carminum
537 2233 638 2283 post
669 2224 926 2268 Choerilum
961 2228 1177 2277 conditor,
1211 2236 1254 2270 et
1283 2246 1334 2271 ex
1361 2231 1467 2274 Sici-

112 2298 167 2341 lia
207 2297 327 2349 Cleo,
366 2298 439 2341 hic
476 2298 653 2355 quidem
687 2313 779 2340 non
815 2298 973 2354 ingenii
1014 2299 1183 2351 solum,
1218 2301 1295 2344 sed
1335 2303 1467 2349 etiam

117 2485 354 2522 radia-itur
385 2493 521 2520 autem.
768 2487 790 2513 2
823 2487 948 2533 clypei
994 2488 1100 2533 vulgo
1144 2487 1194 2522 de
1225 2493 1465 2537 coniectura,

207 2550 346 2587 postea
378 2541 615 2575 dicebantur.
839 2539 859 2569 3
901 2540 1109 2575 Adiectum
1142 2542 1296 2577 verbum
1332 2555 1389 2580 esc
1419 2547 1468 2581 de

208 2597 439 2630 coniectura.
