1703 2961
205 152 288 196 130
669 135 726 192 Q.
757 130 965 177 cumn
996 125 1136 171 mm

213 265 321 308 Cum
359 260 430 302 his
461 256 688 298 venientes
723 261 845 291 nemo
885 255 1117 299 agnoscere
1154 237 1289 279 volet·
1343 233 1638 289 Relinque-16
1670 245 1695 286 ᾗ·

214 351 309 380 mus
334 346 435 387 ergo
470 325 687 380 extemplo
728 320 977 377 praesencia
1015 315 1217 369 pignora,
1247 323 1341 349 cum
1366 311 1577 350 incertum

217 413 293 460 sit,
323 423 379 449 an
402 403 546 446 visuri
587 400 723 439 simus
749 394 856 435 illa·
890 404 997 446 quae
1022 384 1242 441 pec-imus?
1270 384 1391 422 Inter
1418 382 1497 422 hos
1519 381 1580 420 Za-

220 484 397 527 cendum
435 485 514 524 est,
552 473 627 528 qui
659 484 737 511 nos
778 467 956 509 miseros
992 474 1117 503 nosse
1157 463 1400 510 coeperunt.
1459 451 1581 492 Haec

222 556 490 597 Euctemon.

164 628 216 671 19
308 623 477 667 Contra
524 615 790 658 Theaetetus
835 603 1113 651 Atheniensis
1160 615 1284 644 orsus
1323 603 1389 640 est
1423 593 1647 638 dicerem

227 695 466 743 Neminem
505 688 628 746 pium
666 683 821 726 habitu
860 677 1060 735 corporis
1100 689 1200 716 suos
1239 670 1590 715 aestimaturum‚

232 770 380 826 utique
415 761 590 806 saevitia
626 757 779 803 hostis,
817 767 910 795 non
947 757 1118 795 natura,
1157 744 1448 788 calamitosos.
1515 737 1593 780 Di-

234 855 371 901 gnum
398 851 488 878 esse
526 830 647 875 omni
677 827 809 877 malo,
838 824 911 882 qui
944 821 1222 864 erubesceret
1246 815 1489 857 fortuito:²
1521 808 1597 851 tri-

237 923 352 957 stem
379 908 498 951 enim
527 905 579 946 de
617 899 885 943 mortalitate
926 894 1040 935 ferre
1069 887 1344 937 sententiam,
1376 891 1421 927 et
1450 884 1601 939 despe-

240 999 338 1028 rare
379 976 740 1022 misericordiam,
779 969 880 1027 quia
918 966 1009 1022 ipsc
1049 960 1171 1004 alteri
1211 959 1502 1015 denegaturus
1534 953 1600 996 sit.

241 1060 376 1105 Deos,
403 1049 523 1110 quod
550 1048 629 1105 ipsi
660 1055 889 1099 nunquam
919 1044 1072 1094 optare
1101 1032 1222 1076 ausi³
1253 1030 1413 1080 forent,
1443 1026 1664 1070 offerrem

246 1127 453 1187 patriam,
486 1120 705 1176 coniuges,
747 1114 922 1160 liberos,
960 1116 1004 1151 et
1045 1103 1254 1164 quicquid
1294 1101 1499 1143 homines
1540 1096 1607 1139 vel

249 1201 338 1243 vita
369 1195 614 1241 aestimant,
643 1188 711 1230 vel
737 1191 883 1228 morte
912 1181 1148 1223 redimunt.
1207 1175 1327 1231 Quin
1355 1172 1412 1214 illi
1443 1187 1492 1213 ex
1519 1168 1608 1210 hoc
1625 1183 1668 1213 19

252 1285 430 1316 carcere
468 1265 771 1320 erumperent:
812 1256 946 1297 alium
976 1250 1096 1294 domi
1127 1263 1217 1290 esse
1249 1245 1358 1290 coeli
1387 1243 1612 1291 haustum,
1674 1292 1675 1297 1

254 1346 388 1388 alium
420 1338 528 1382 lucis
565 1339 810 1391 aspectum:
848 1340 1008 1374 mores,
1036 1336 1170 1370 sacra,
1195 1321 1366 1377 linguae
1397 1327 1614 1359 commer·
1673 1311 1676 1330 ‘

257 1417 376 1461 cium
404 1411 537 1455 etiam
567 1423 590 1450 a
616 1401 814 1448 barbaris
839 1396 1000 1455 expeti:
1029 1410 1141 1452 quae
1171 1391 1360 1449 ingenita
1384 1387 1465 1446 ipsi
1488 1385 1617 1428 omis·
1673 1382 1676 1400 ¹

258 1487 347 1533 suri
383 1485 470 1528 sint
508 1494 584 1524 sua
630 1479 812 1532 sponte,
849 1484 942 1512 non
977 1468 1036 1509 ob
1076 1464 1191 1507 aliud
1229 1471 1320 1506 tam
1361 1455 1618 1505 calamitosi,
1673 1470 1676 1482 ⁴

258 1574 394 1620 quarn
424 1553 545 1614 quod
577 1549 656 1592 illis
695 1559 844 1589 carere
881 1540 1026 1585 coacti
1056 1543 1211 1580 essent.
1271 1535 1327 1577 Se
1360 1538 1479 1575 certe
1510 1516 1676 1571 redi-nc

259 1642 413 1675 turum
436 1627 491 1669 ad
507 1628 686 1682 penates
706 1624 748 1659 et
767 1616 811 1656 in
840 1612 1044 1671 patriam,
1069 1617 1282 1665 tantoque
1312 1602 1527 1647 beneficio
1557 1616 1623 1642 re·
1673 1616 1676 1634 τ

262 1705 325 1763 gis
358 1712 561 1744 usurum:
591 1693 624 1736 si
663 1703 772 1747 quos
817 1681 1108 1732 contubernii,
1138 1681 1480 1733 liberorumque,
1513 1686 1624 1730 quos
1673 1668 1693 1697 Ὗ

264 1775 446 1820 servitus
477 1766 687 1825 co'cgisset
712 1772 962 1817 agnoscere,
994 1768 1121 1797 amor
1155 1751 1385 1797 detineret,
1410 1746 1626 1802 relinque-

266 1856 380 1896 rent,
413 1843 570 1902 quibus
609 1832 751 1878 nihil4
782 1829 924 1887 patria
956 1827 1097 1870 carius
1128 1831 1249 1866 esset.
1270 1825 1285 1851 ⁵

351 1916 488 1962 Pauci
529 1910 659 1953 huius
695 1902 936 1948 sententiae
967 1900 1110 1941 fuere:
1141 1903 1310 1939 ceteros
1339 1887 1658 1939 consuetudo,2

271 2001 430 2037 natura
459 1981 655 2044 potior,6
694 1977 812 2020 vicit.
880 1973 1222 2019 Consenserunt,
1262 1964 1506 2024 petendum
1537 1975 1627 2002 esse

274 2083 300 2109 a
329 2079 442 2121 rege,
471 2066 522 2101 ut
560 2054 751 2111 aliquam
788 2046 891 2105 ipsis
929 2044 1191 2087 attribueret
1224 2039 1387 2082 sedem.
1437 2035 1677 2078 Centum2·

275 2137 333 2179 ad
363 2136 452 2178 hoc
494 2127 620 2172 electi
659 2128 782 2166 sunt:
825 2133 934 2177 quos
964 2114 1208 2158 Alexander
1232 2117 1363 2159 ratus,
1396 2106 1516 2164 quod
1542 2104 1634 2161 ipse

276 2213 500 2267 praestare
539 2195 771 2256 cogitabat,
813 2191 1042 2248 petituros,
1092 2189 1305 2231 Jumenca,
1345 2178 1497 2236 inquit,
1530 2178 1635 2218 assi·
1690 2207 1693 2214 .

278 2283 408 2338 gnari
447 2292 554 2334 quae
599 2287 681 2314 vos
712 2268 927 2312 veherent,
966 2272 1010 2302 et
1044 2260 1229 2313 singulis
1257 2265 1449 2298 vestrum
1477 2251 1632 2291 milia⁷
1674 2270 1675 2274 =

277 2355 501 2397 denarium
545 2347 645 2388 dari
694 2341 816 2383 iussi.
898 2337 1004 2377 Cum
1051 2332 1273 2374 redieritis
1310 2331 1355 2369 in
1399 2326 1636 2369 Graeciam,

277 2425 519 2484 praestabo,
551 2437 601 2462 ue
631 2417 706 2473 qui
723 2417 740 2444 Β
769 2421 931 2453 statum
955 2423 1089 2457 suum,
1116 2406 1157 2446 si
1184 2406 1288 2445 haec
1319 2400 1546 2442 calamii-as
1569 2396 1636 2437 ab·

284 2529 547 2545 -.-.-.--

280 2601 296 2626 ι
325 2610 382 2633 ea,
582 2588 603 2615 2
631 2585 800 2621 fortuita.
1001 2577 1020 2609 3
1048 2576 1128 2611 ausi
1156 2581 1303 2621 optare.
1517 2568 1540 2600 4
1567 2565 1638 2600 nil.
1672 2582 1675 2598 ι

367 2651 387 2679 5
414 2654 481 2682 est.
679 2639 699 2666 6
725 2636 932 2684 potentior.
1137 2630 1156 2657 7
1183 2628 1303 2662 mille.
1501 2621 1521 2650 8
1548 2618 1641 2668 quis.
