1703 2961
238 85 339 132 ma,
687 85 742 135 Q.
774 81 978 123 CURTH
1006 81 1144 125 RUFI

237 198 347 242 sent,
388 203 647 249 aversosque
695 191 921 234 caedendo
963 192 1008 234 in
1053 207 1096 234 se
1138 192 1308 235 obverti
1349 194 1601 250 coegissent.
1654 240 1656 243 .

240 264 438 308 Turbata
478 271 572 305 erat
611 270 796 321 utraque
835 264 962 306 acies.
1022 264 1268 306 Alexander
1297 270 1371 306 εἰ*
1407 281 1430 307 a
1455 265 1663 308 frontem

241 344 286 378 et
310 351 334 378 a
369 343 491 392 tergo
530 334 706 378 hostem
741 335 951 378 habebat:
991 336 1064 394 qui
1101 351 1253 377 averso
1292 336 1330 378 ei
1368 337 1602 386 instabant,

239 409 294 450 ab
331 408 529 464 Agrianis
559 407 812 464 equitibus²
855 409 1190 465 premebantur:
1234 406 1310 448 et³
1367 408 1602 458 Bactriani,

239 479 567 536 impedimentis
601 478 798 521 hostium
837 479 1037 536 direptis,
1080 480 1258 530 reversi,
1295 478 1470 522 ordines
1504 495 1605 525 suos

239 567 501 610 recuperare
526 566 618 592 non
647 559 876 608 poterant:
906 552 1031 609 plura
1070 552 1198 594 simul
1225 552 1410 607 abrupta
1442 564 1464 592 a
1495 557 1608 593 cete·-

240 624 298 666 ris
328 624 514 680 agmina,
545 623 796 680 ubicunque
821 623 956 664 alium
983 623 1051 665 alii
1081 624 1173 665 fors
1202 624 1448 672 miscuerat,
1481 621 1608 663 dimi·

242 695 416 737 cabant.
475 695 577 737 Duo
609 710 730 751 reges
761 696 919 738 iunctis
942 711 1081 753 prope
1112 695 1356 752 agminibus
1385 694 1603 752 proelium
1616 708 1664 738 23

243 767 591 814 accenderant.⁴
665 768 816 810 Plures
865 769 1022 810 Persae
1074 768 1311 810 cadebant:
1350 781 1432 822 par
1466 766 1607 808 ferme

242 838 462 896 utrimque
495 854 707 881 numerus
743 840 1072 882 vulnerabatur:
1115 854 1246 882 curru
1278 839 1474 888 Dareus,
1511 837 1610 880 Ale-

241 909 407 953 xander
433 925 547 968 equo
586 910 847 953 vehebatur:
881 919 1118 971 utrumque
1157 910 1314 953 delecti
1353 911 1669 958 tuebantur‚24

242 981 641 1029 suiimmemores.
720 982 897 1041 Quippe
950 984 1109 1026 amisso
1146 999 1247 1040 rege
1285 997 1368 1026 nec
1404 982 1612 1028 volebant

243 1054 346 1096 salvi
376 1069 480 1101 esse,
510 1069 591 1096 nec
618 1061 838 1111 poterant.
909 1055 1208 1099 Anteoculos
1235 1055 1301 1097 sui
1332 1054 1522 1112 quisquev
1543 1069 1610 1095 re-

243 1126 303 1184 gis
340 1133 535 1167 mortem
574 1126 843 1169 occumbere
883 1126 1108 1168 ducebat⁵
1151 1127 1384 1184 egregium.
1470 1125 1664 1168 Maxi-2⁵

248 1214 370 1239 mum
404 1205 555 1240 tamen
588 1198 837 1255 periculum
868 1198 1070 1248 adibant,
1111 1201 1256 1256 quos⁶
1297 1199 1487 1241 maxime
1520 1206 1612 1239 tue-

248 1273 435 1318 bantur3
465 1269 628 1328 quippe
645 1269 726 1311 sihi
757 1268 940 1327 quisque
956 1269 1067 1310 caesi
1092 1270 1202 1325 regis
1219 1270 1446 1324 expetebat
1464 1270 1610 1317 decus.

185 1345 235 1386 39
332 1342 556 1391 Ceterum,
592 1344 679 1383 sive
716 1340 956 1382 ludibrium
1000 1341 1244 1391 oculorum,
1273 1341 1361 1382 sive
1389 1356 1489 1383 vera
1521 1348 1676 1397 spe-26

248 1417 333 1459 cies
373 1415 468 1463 fuit,
511 1413 584 1469 qui
617 1413 734 1456 circa
765 1412 1066 1454 Alexandrum
1098 1422 1234 1464 erant,
1262 1414 1418 1456 vidisse
1448 1428 1492 1455 se
1524 1426 1616 1454 cre-

249 1488 455 1530 diderunt
485 1484 713 1543 paululum
744 1498 876 1541 super
904 1491 1036 1540 caput
1057 1485 1168 1542 1egis
1195 1485 1365 1543 placide
1393 1485 1616 1527 volantem

248 1560 452 1619 aquilam,
490 1572 584 1599 non
618 1559 764 1599 sono⁷
805 1571 1058 1605 armorum,
1096 1573 1189 1599 non
1233 1555 1399 1612 gemitu
1427 1553 1617 1595 morien-

247 1634 359 1675 tium
397 1630 621 1676 territam:
669 1628 830 1686 diuque
858 1629 997 1681 ,circa
1035 1643 1200 1685 equum
1239 1626 1475 1669 Alexandri
1511 1641 1617 1682 pen-

250 1706 369 1749 denti
398 1703 547 1760 magis,
577 1716 712 1759 quam
742 1701 906 1743 volanti
937 1701 1085 1744 similis
1112 1699 1328 1758 apparuit.
1386 1698 1520 1742 Certe
1547 1712 1678 1742 va-27

250 1787 315 1821 tes
350 1775 620 1825 Aristander,
665 1773 762 1815 alba
801 1780 919 1814 veste
961 1773 1153 1822 indutus,
1197 1780 1242 1815 et
1272 1772 1421 1814 dextra
1451 1768 1619 1828 praefe-

252 1866 352 1893 rens
378 1849 585 1896 lauream,
612 1845 822 1887 militibus
849 1845 894 1887 in
923 1860 1117 1902 pugnam
1145 1845 1324 1899 intentis
1340 1859 1466 1887 avem
1492 1858 1619 1884 mon-

253 1921 466 1969 strabat‚⁸
509 1918 629 1962 haud
671 1918 856 1959 dubium
891 1917 1100 1960 victoriae
1134 1916 1392 1974 auspicium.
1461 1916 1678 1973 Ingens-‚28

256 2011 358 2052 ergo
387 1992 587 2036 alacritas
617 1992 696 2032 et⁹
736 1988 897 2032 fiducia
934 1990 1067 2046 paulo
1105 1997 1206 2032 ante
1244 1989 1419 2033 territos
1460 2004 1619 2032 accen-

255 2070 319 2111 dit
352 2067 408 2109 ad
446 2079 663 2123 pugnam,
709 2062 860 2119 utique
897 2069 1134 2119 postquam
1172 2061 1320 2120 auriga
1357 2061 1504 2111 Darei,
1543 2061 1618 2118 qui

256 2149 355 2182 ante
384 2139 526 2195 ipsum
556 2135 710 2177 sedens
741 2149 878 2191 equos
903 2135 1095 2191 regebat,
1127 2134 1251 2176 hasta
1283 2132 1510 2176 transfixus
1537 2139 1615 2174 est.

261 2215 348 2255 Nee
379 2218 454 2253 aut
489 2211 660 2255 Persae,
696 2213 772 2248 aut
801 2205 1071 2250 Macedones
1098 2206 1362 2256 dubitavere,
1390 2205 1496 2261 quin
1527 2205 1620 2262 ipse

255 2302 332 2329 rex
370 2289 481 2326 esset
519 2279 702 2322 occisus.
771 2278 889 2335 Ergo
927 2278 1098 2334 lugubri
1120 2282 1164 2306 ¹0
1201 2277 1369 2320 ululatu
1399 2285 1443 2318 et
1470 2277 1680 2324 incon-29

260 2359 350 2402 dito
381 2355 574 2399 clamore
614 2351 865 2408 gemituque
904 2357 1048 2393 totam
1082 2350 1176 2395 fere
1212 2350 1354 2393 aciem
1385 2349 1530 2393 adhuc
1555 2365 1623 2392 ae-

264 2499 274 2520 1
304 2494 425 2528 abest.
557 2487 578 2514 ²
602 2488 798 2527 militibus.
923 2487 943 2517 3
972 2487 1091 2523 abest,
1207 2489 1230 2520 4
1254 2488 1361 2534 vulgo
1388 2486 1437 2521 de
1463 2488 1620 2521 coniect.

350 2543 627 2580 accendebant.
767 2543 787 2570 ⁵
817 2542 1023 2576 ducebant.
1167 2541 1187 2566 ⁶
1213 2543 1294 2587 qui.
1428 2541 1445 2568 7
1476 2541 1619 2575 sonitu.

349 2602 368 2630 3
397 2598 632 2634 monstravit.
834 2598 853 2623 9
888 2608 943 2629 ac.
1148 2596 1191 2620 10
1213 2595 1380 2641 Lugubri
1407 2606 1506 2640 ergo.
