1703 2961
379 195 461 238 DE
493 187 702 236 GESTIS
728 184 896 227 ALEX.
921 180 1017 228 VH,
1055 178 1093 220 5.
1342 168 1422 211 205

79 316 265 358 hominis
305 312 447 352 animo
488 308 674 348 locutum
712 316 802 341 esse
844 313 908 338 me
936 309 1028 335 cum
1053 289 1354 345 ignavissimo,
1384 293 1428 324 et

78 389 158 428 hoc
195 400 320 425 uuum
360 383 546 423 miliciae
583 391 684 418 suae
725 378 971 425 usurpante,
1013 375 1063 405 ut
1099 364 1264 403 alienos
1299 371 1429 412 equos

77 460 340 514 pugnaturis
384 453 635 496 distribuat.
709 448 807 487 Huc
852 444 964 484 enim
1010 437 1218 478 malorum
1252 441 1428 472 ventum

79 542 161 582 est,
190 542 240 573 ut
265 530 396 570 verba
435 542 528 567 mea
563 524 707 566 eodem
736 530 925 571 tempore
951 522 995 554 et
1023 508 1274 553 Alexandro
1305 515 1428 543 excu-

78 621 179 651 sem,
212 614 256 644 et
283 599 538 654 Antiphani.

21 678 73 713 36
163 675 225 716 At
258 675 423 715 hercule
463 680 598 711 mater
633 669 686 708 de
726 665 847 707 nobis
886 659 1075 702 inimicis
1110 656 1201 696 tuis
1224 650 1432 704 scripsit!

86 751 264 792 Utinam
286 747 543 802 prudentius
559 751 671 806 esset
702 739 896 781 sollicita
913 747 994 787 pro
1014 731 1133 789 filio,
1164 737 1208 768 et
1231 740 1314 766 non
1343 725 1433 762 ina-

82 839 157 864 nes
184 837 347 876 quoque
373 821 537 873 species
564 815 697 856 anxio
728 806 1113 865 auimofiguraret.
1159 803 1303 866 Quare
1321 797 1433 837 enim

83 911 166 937 uon
202 895 415 935 adscribit
457 901 592 931 metus
626 889 695 928 sui
733 883 937 925 causam?
977 879 1159 931 denique
1187 887 1270 914 uon
1298 879 1434 912 osten-

85 971 157 1010 dit
185 968 430 1008 auctorem?
491 966 586 1028 Quo
615 956 746 1018 sacto
786 957 959 995 dictove
1000 961 1147 991 nostro
1189 954 1309 986 mota
1344 952 1436 983 tam

22 1058 68 1087 37
88 1043 288 1096 trepidas
317 1041 401 1081 tibi
430 1040 602 1078 litteras
626 1031 827 1085 scripsit?
861 1029 902 1069 O
924 1027 1122 1064 miseram
1148 1018 1437 1060 conditionem

86 1132 232 1163 meam,
263 1116 364 1170 quia
381 1115 394 1134 ¹
417 1108 620 1169 forsitan
645 1120 728 1146 nou
757 1099 1039 1156 periculosius
1055 1104 1121 1134 est
1140 1103 1292 1139 tacere,
1311 1103 1438 1145 quam

87 1191 256 1230 dicere!
288 1188 374 1228 Sed
402 1197 611 1236 utcunque
641 1190 810 1219 cessura
841 1188 907 1213 res
937 1180 1014 1217 est,
1042 1168 1152 1208 malo
1182 1166 1267 1206 tihi
1295 1159 1440 1219 defen-

86 1265 248 1318 sionem
277 1275 413 1300 meam
442 1256 687 1308 displicere,
726 1263 851 1305 quam
881 1258 1063 1286 causam.
1118 1243 1336 1293 Agnosces
1365 1249 1438 1275 au-

89 1346 175 1377 tem
215 1349 322 1389 quae
377 1333 573 1370 dicturus
609 1340 701 1365 sum
712 1339 724 1372 ,-
767 1322 926 1376 (suippe
965 1314 1220 1361 meministi,
1257 1325 1347 1350 cum
1375 1323 1440 1348 me

91 1410 148 1448 ad
176 1405 468 1461 perducendos
495 1415 550 1440 ex
575 1396 834 1438 Macedonia
857 1393 1018 1432 milites
1037 1391 1243 1430 mitteres,
1273 1384 1441 1424 dixisse

92 1492 147 1530 te,
188 1481 346 1520 multos
375 1479 566 1528 integros
597 1474 770 1511 iuvenes
809 1468 854 1506 in
885 1466 1011 1505 domo
1043 1473 1143 1502 tuae
1166 1460 1321 1499 matris
1348 1456 1444 1497 abs-

31 1571 76 1600 35
92 1556 232 1595 condi.
300 1549 572 1602 Praecepisti
611 1547 748 1599 igitur
784 1541 909 1586 mihi,
963 1553 1012 1578 ne
1043 1551 1163 1589 quem
1189 1539 1363 1585 praeter
1399 1538 1444 1570 te
1498 1551 1502 1553 Α

93 1629 295 1673 intuerer,
325 1625 402 1663 sed
431 1623 722 1661 detrectantes
750 1615 951 1654 militiam
986 1610 1259 1662 perducerem
1297 1604 1355 1643 ad
1387 1612 1444 1643 te.

100 1699 230 1763 Quod
256 1697 447 1751 equidem
464 1690 574 1751 feci,
607 1704 650 1732 et
679 1689 869 1734 liberius,
900 1697 1026 1739 quam
1046 1677 1307 1734 expediebat
1325 1677 1445 1722 mihi,

94 1781 297 1813 executus
326 1785 418 1809 sum
449 1777 568 1808 tuum
600 1760 873 1817 imperium.²
927 1753 1178 1808 Gorgiam‚³
1213 1753 1447 1791 Hecateum

95 1855 140 1887 et
173 1845 410 1897 Gorgatan,
441 1855 615 1896 quorum
647 1837 754 1877 bona
784 1846 914 1886 opera
941 1829 1090 1875 uteris,
1122 1826 1223 1865 inde
1243 1823 1446 1877 perduxi.

38 1932 84 1963 39
106 1919 225 1984 Quid
263 1918 400 1970 igitur
439 1914 628 1968 iniquius
661 1919 741 1956 est,
780 1920 905 1962 quam
943 1918 1018 1949 me,
1061 1901 1150 1955 qui,
1186 1899 1227 1937 si
1255 1897 1340 1937 tibi
1366 1910 1450 1936 non

97 1993 348 2046 paruissem,
385 1990 474 2027 iure
513 1986 692 2025 daturus
716 1977 799 2037 sui
826 1992 1000 2032 poenas,
1039 1988 1146 2014 nunc
1174 1972 1316 2025 perire
1346 1969 1450 2024 quia

98 2065 256 2119 parui?
290 2064 440 2116 ,Neque
477 2061 587 2099 enim
620 2057 708 2096 ulla
743 2055 833 2093 alia
871 2049 1003 2090 matri
1039 2058 1139 2087 tuae
1168 2044 1452 2098 persequendi

99 2153 176 2190 nos
212 2152 342 2177 causa
379 2142 464 2181 est,
501 2145 628 2185 quam
675 2128 790 2183 quod
829 2125 1067 2165 utilitatem
1105 2129 1224 2159 tuam
1255 2116 1450 2156 muliebre

39 2211 423 2266 40praeposuimus
469 2205 652 2258 gratiae.
725 2202 811 2241 Sex
850 2198 971 2237 milia
1005 2193 1290 2233 Macedonum
1328 2190 1449 2243 pedi-

99 2294 190 2324 tum
218 2293 262 2323 et
298 2296 360 2322 Dc
393 2279 557 2331 equites
592 2276 774 2319 adduxi,
813 2284 988 2328 quorum
1024 2281 1128 2321 pars
1164 2274 1357 2304 secutura
1373 2279 1449 2316 ,me

100 2372 183 2398 non
212 2363 319 2400 erat,
350 2354 391 2393 si
422 2351 626 2390 militiam
650 2334 1008 2387 ¹detrectantibus
1038 2338 1259 2390 indulgere
1287 2336 1451 2376 voluis-

101 2445 199 2469 sem.
251 2427 452 2482 Sequitur
494 2437 611 2476 ergo,
641 2431 702 2468 ut,
743 2420 845 2473 quia
883 2417 961 2456 illa
993 2421 1176 2467 propter
1209 2411 1315 2449 hauc
1356 2422 1451 2447 eau-

103 2516 194 2542 sam
225 2502 429 2540 irascitur
459 2497 592 2544 nobis‚
632 2503 680 2535 tu
705 2493 882 2544 mitiges
913 2497 1103 2539 matrem,-
1135 2484 1213 2538 qui
1241 2484 1330 2521 irae
1359 2484 1450 2522 eius

104 2589 181 2616 uos
211 2573 420 2615 obtulisti.

105 2699 123 2722 1
149 2699 222 2732 cui.
422 2696 441 2721 2
466 2695 669 2741 imperium
692 2699 814 2725 tuum¹
1021 2685 1040 2715 3
1071 2682 1253 2728 Gorgian.

725 2837 736 2871 i
