1703 2961
442 341 536 419 Q.
607 337 993 398 CURTII
1054 340 1306 399 RUFI

846 470 929 505 DE

705 572 1054 616 GESTIS

291 684 1005 758 ALEXANDRI
1075 683 1483 757 MAGNI

594 833 763 872 REGIS
809 832 1187 874 MACEDONUM

737 965 951 1042 mum
988 1000 1040 1042 x.

632 1253 1144 1296 ARGUMENTUM.

212 1340 273 1384 (1)
307 1307 423 1377 Item
463 1339 656 1374 Cleander
700 1341 894 1386 ceterique
934 1342 1120 1388 praefecti
1155 1342 1374 1388 copiarum,
1410 1352 1508 1387 quae
1538 1342 1580 1374 in

212 1405 345 1440 Media
379 1404 534 1438 relictae
566 1402 738 1441 fuerant,
775 1403 946 1447 evocati,
985 1403 1175 1437 scelerum
1211 1411 1247 1436 et
1280 1402 1514 1448 flagitiorum
1540 1404 1583 1436 in

213 1467 418 1512 provincia
451 1465 703 1499 admissorum
748 1476 893 1510 poenas
938 1465 1139 1498 dederuut.
1215 1465 1274 1510 (2)
1311 1464 1507 1499 Nearchus
1548 1472 1584 1498 et

216 1529 456 1563 Onesicritus
496 1527 612 1561 litora
653 1526 777 1560 Rubri
822 1527 935 1560 matis
978 1527 1145 1572 legentes
1185 1538 1272 1559 cum
1309 1526 1351 1559 in
1384 1527 1583 1571 regionem

216 1590 446 1625 Carmaniae
475 1589 680 1629 venissent,
706 1588 848 1621 relictis
869 1589 1029 1622 navibus
1059 1589 1106 1622 ad
1132 1600 1257 1634 regem
1285 1589 1517 1631 ascendunt,
1548 1595 1585 1622 et

215 1652 389 1686 referunt
425 1651 472 1685 de
507 1650 748 1684 mirabilibus
787 1651 950 1685 Oceani.
1015 1651 1085 1684 Ille
1120 1651 1167 1684 ad
1211 1651 1369 1684 classem
1406 1651 1583 1683 remissos

216 1724 285 1758 per
313 1713 441 1746 sinum
465 1713 660 1746 Persicum
689 1719 726 1745 et
760 1712 964 1757 Euphratis
994 1713 1090 1745 ostia
1117 1712 1359 1757 Babylonem
1383 1720 1586 1758 penetrare

218 1775 338 1818 iussit,
373 1776 434 1820 (3)
468 1774 684 1819 eodemque
722 1780 896 1819 tempore
932 1774 1147 1819 longinqua
1175 1775 1335 1808 consilia
1361 1775 1520 1819 agitans,
1546 1781 1587 1808 ut

217 1836 259 1870 in
295 1836 491 1882 Euphrate
531 1843 567 1870 et
601 1836 696 1869 mari
730 1834 859 1868 medio
893 1835 1026 1881 ingens
1069 1836 1196 1870 classis
1230 1835 1497 1870 aedificaretur
1516 1837 1588 1870 im-

217 1898 376 1944 peravit.

266 1957 326 2004 (ll)
353 1959 452 1993 Cum
488 1958 701 2004 Persagada
729 1958 907 1996 venisset,
944 1958 1114 1997 Orsines,
1153 1966 1304 2004 satrapa
1340 1960 1522 2004 regionis,
1552 1966 1590 1994 et

220 2020 298 2065 regi
329 2027 365 2054 et
390 2021 485 2065 regis
525 2021 659 2054 amicis
687 2027 838 2067 praeter
862 2031 983 2052 unum
1008 2019 1167 2065 Bago-‘in
1194 2021 1358 2054 maxima
1386 2021 1490 2054 dona
1521 2021 1586 2054 ob-

221 2082 322 2115 tulit.
375 2082 501 2127 Quam
531 2082 580 2115 ob
609 2094 761 2115 causam
799 2093 885 2115 eum
920 2081 1040 2127 spado
1069 2082 1169 2127 apud
1198 2094 1324 2126 regem
1353 2083 1588 2121 criminatus,

223 2143 285 2188 (5)
314 2154 401 2176 cum
427 2143 514 2177 data
544 2145 750 2178 occasione
779 2144 894 2177 etiam
923 2144 1083 2177 crimine
1111 2144 1266 2190 spoliati
1294 2145 1382 2189 Cyri
1421 2144 1587 2190 sepulcri

223 2211 260 2237 et
287 2204 392 2249 regni
430 2205 591 2251 appetiti
631 2206 894 2244 insimulasset.
925 2204 1098 2250 perfecit,
1124 2213 1164 2238 ut
1198 2206 1391 2252 supplicio
1417 2204 1587 2240 afficere-

223 2272 294 2307 tur,
321 2266 398 2299 iam
439 2267 488 2300 ad
528 2267 724 2302 saevitiam
767 2274 903 2302 contra
942 2267 1147 2313 pristinum
1182 2279 1330 2300 morem
1373 2267 1587 2301 inclinante

223 2327 454 2362 Alexandro.

270 2388 329 2434 (6)
354 2388 509 2423 Auctor
535 2388 715 2436 deinceps
739 2389 789 2424 cle
819 2390 1012 2424 Graeciae
1040 2390 1209 2424 motibus
1236 2391 1295 2435 (et
1318 2391 1462 2423 itinere
1487 2392 1591 2436 regis

224 2462 343 2497 usque
369 2450 466 2483 Susa
490 2453 738 2497 continuato>
768 2462 807 2487 ec
833 2451 1007 2497 Harpali
1020 2454 1129 2498 suga
1162 2460 1415 2495 exposuerat,
1438 2450 1508 2484 sed
1535 2452 1589 2485 la-

224 2524 323 2546 cuna
351 2511 422 2545 hoc
448 2511 530 2545 loco
557 2522 629 2556 est,
656 2528 680 2546 a
711 2514 1046 2547 10.Freins!1emio
1064 2511 1270 2546 secundum
1299 2525 1362 2555 ea,
1381 2525 1480 2558 quae
1495 2512 1591 2546 Dio-

223 2571 344 2606 dorus
378 2572 562 2618 tradidit,
600 2574 724 2620 (quod
757 2574 811 2608 ad
846 2574 1071 2620 Harpalum
1104 2572 1258 2619 quidem
1298 2573 1492 2619 pertinet)
1525 2585 1592 2607 ex-

221 2634 344 2680 pleta.
399 2635 458 2680 (7)
488 2635 589 2672 Nam
618 2648 704 2671 cum
733 2637 949 2677 Alexander
977 2636 1027 2669 ob
1053 2641 1251 2680 receptum
1274 2634 1487 2681 Harpalum
1511 2634 1591 2669 bel-
