<?xml version="1.0" encoding="UTF-8"?>
<!DOCTYPE html PUBLIC "-//W3C//DTD XHTML 1.0 Transitional//EN"
    "http://www.w3.org/TR/xhtml1/DTD/xhtml1-transitional.dtd">
<html xmlns="http://www.w3.org/1999/xhtml" xml:lang="en" lang="en">
 <head>
  <title>
</title>
<meta http-equiv="Content-Type" content="text/html;charset=utf-8" />
  <meta name='ocr-system' content='tesseract 3.04.00' />
  <meta name='ocr-capabilities' content='ocr_page ocr_carea ocr_par ocr_line ocrx_word'/>
</head>
<body>
  <div class='ocr_page' id='page_1' title='image "./degestisalexandr00curtuoft_0302.png"; bbox 0 0 1703 2961; ppageno 0'>
   <div class='ocr_carea' id='block_1_1' title="bbox 188 1127 241 1167">
    <p class='ocr_par' dir='ltr' id='par_1_1' title="bbox 188 1127 241 1167">
     <span class='ocr_line' id='line_1_1' title="bbox 188 1127 241 1167; baseline 0 0"><span class='ocrx_word' id='word_1_1' title='bbox 188 1127 241 1167; x_wconf 77' lang='lat'>39</span> 
     </span>
    </p>
   </div>
   <div class='ocr_carea' id='block_1_2' title="bbox 1655 0 1703 2308">
    <p class='ocr_par' dir='ltr' id='par_1_2' title="bbox 1655 0 1703 2308">
     <span class='ocr_line' id='line_1_2' title="bbox 1660 0 1700 208; baseline 0 -140"><span class='ocrx_word' id='word_1_2' title='bbox 1660 0 1700 208; x_wconf 95' lang='lat' dir='ltr'>  </span> 
     </span>
     <span class='ocr_line' id='line_1_3' title="bbox 1670 68 1703 697; baseline 0 -145"><span class='ocrx_word' id='word_1_3' title='bbox 1670 68 1703 697; x_wconf 95' lang='lat' dir='ltr'>       </span> 
     </span>
     <span class='ocr_line' id='line_1_4' title="bbox 1655 697 1703 980; baseline 0 0"><span class='ocrx_word' id='word_1_4' title='bbox 1655 697 1703 980; x_wconf 95' lang='lat' dir='ltr'>  </span> 
     </span>
     <span class='ocr_line' id='line_1_5' title="bbox 1671 980 1703 2308; baseline 0 -1228"><span class='ocrx_word' id='word_1_5' title='bbox 1671 980 1703 2308; x_wconf 95' lang='lat' dir='ltr'>   </span> 
     </span>
    </p>
   </div>
   <div class='ocr_carea' id='block_1_3' title="bbox 247 131 1184 192">
    <p class='ocr_par' dir='ltr' id='par_1_3' title="bbox 247 131 1184 192">
     <span class='ocr_line' id='line_1_6' title="bbox 247 131 1184 192; baseline -0.002 -13"><span class='ocrx_word' id='word_1_6' title='bbox 247 140 330 181; x_wconf 82' lang='lat'>238</span> <span class='ocrx_word' id='word_1_7' title='bbox 587 189 590 192; x_wconf 27' lang='grc'>,</span> <span class='ocrx_word' id='word_1_8' title='bbox 711 131 768 188; x_wconf 80' lang='lat' dir='ltr'>Q.</span> <span class='ocrx_word' id='word_1_9' title='bbox 799 132 1004 177; x_wconf 72' lang='lat' dir='ltr'>cunm</span> <span class='ocrx_word' id='word_1_10' title='bbox 1041 133 1184 178; x_wconf 71' lang='lat' dir='ltr'>Rum</span> 
     </span>
    </p>
   </div>
   <div class='ocr_carea' id='block_1_4' title="bbox 243 143 1676 522">
    <p class='ocr_par' dir='ltr' id='par_1_4' title="bbox 243 143 1676 522">
     <span class='ocr_line' id='line_1_7' title="bbox 1666 143 1676 207; baseline 0 -12"><span class='ocrx_word' id='word_1_11' title='bbox 1666 143 1676 207; x_wconf 67' lang='grc' dir='ltr'>ε,ἶ</span> 
     </span>
     <span class='ocr_line' id='line_1_8' title="bbox 1668 209 1676 226; baseline 0 -8"><span class='ocrx_word' id='word_1_12' title='bbox 1668 209 1676 226; x_wconf 77' lang='grc'>,,</span> 
     </span>
     <span class='ocr_line' id='line_1_9' title="bbox 244 231 1673 303; baseline -0.001 -11"><span class='ocrx_word' id='word_1_13' title='bbox 244 264 347 292; x_wconf 86' lang='lat' dir='ltr'>sane</span> <span class='ocrx_word' id='word_1_14' title='bbox 376 244 517 289; x_wconf 82' lang='lat' dir='ltr'>virili·</span> <span class='ocrx_word' id='word_1_15' title='bbox 564 259 649 302; x_wconf 87' lang='lat' dir='ltr'>par</span> <span class='ocrx_word' id='word_1_16' title='bbox 689 247 818 288; x_wconf 85' lang='lat' dir='ltr'>non²</span> <span class='ocrx_word' id='word_1_17' title='bbox 861 254 970 292; x_wconf 74' lang='lat' dir='ltr'>erat.</span> <span class='ocrx_word' id='word_1_18' title='bbox 1028 247 1138 303; x_wconf 88' lang='lat' dir='ltr'>Ipse,</span> <span class='ocrx_word' id='word_1_19' title='bbox 1169 246 1357 295; x_wconf 79' lang='lat' dir='ltr'>Cratero</span> <span class='ocrx_word' id='word_1_20' title='bbox 1387 262 1492 291; x_wconf 88' lang='lat' dir='ltr'>eum</span> <span class='ocrx_word' id='word_1_21' title='bbox 1519 262 1611 290; x_wconf 85' lang='lat' dir='ltr'>ma·</span> <span class='ocrx_word' id='word_1_22' title='bbox 1625 231 1673 300; x_wconf 66' lang='lat' dir='ltr'>“l</span> 
     </span>
     <span class='ocr_line' id='line_1_10' title="bbox 248 304 1673 376; baseline -0.001 -14"><span class='ocrx_word' id='word_1_23' title='bbox 248 322 341 362; x_wconf 86' lang='lat' dir='ltr'>iore</span> <span class='ocrx_word' id='word_1_24' title='bbox 370 325 495 376; x_wconf 81' lang='lat' dir='ltr'>parte</span> <span class='ocrx_word' id='word_1_25' title='bbox 527 317 740 360; x_wconf 83' lang='lat' dir='ltr'>exercitus</span> <span class='ocrx_word' id='word_1_26' title='bbox 767 316 953 362; x_wconf 73' lang='lat' dir='ltr'>modieis</span> <span class='ocrx_word' id='word_1_27' title='bbox 992 319 1219 360; x_wconf 81' lang='lat' dir='ltr'>itineribus</span> <span class='ocrx_word' id='word_1_28' title='bbox 1245 319 1366 376; x_wconf 88' lang='lat' dir='ltr'>sequi</span> <span class='ocrx_word' id='word_1_29' title='bbox 1400 320 1527 369; x_wconf 90' lang='lat' dir='ltr'>iusso,</span> <span class='ocrx_word' id='word_1_30' title='bbox 1559 321 1612 362; x_wconf 88' lang='lat' dir='ltr'>ad</span> <span class='ocrx_word' id='word_1_31' title='bbox 1668 304 1673 361; x_wconf 65' lang='lat' dir='ltr'>l</span> 
     </span>
     <span class='ocr_line' id='line_1_11' title="bbox 243 366 1675 448; baseline 0.001 -15"><span class='ocrx_word' id='word_1_32' title='bbox 243 391 516 435; x_wconf 79' lang='lat' dir='ltr'>Maracanda</span> <span class='ocrx_word' id='word_1_33' title='bbox 543 390 701 431; x_wconf 90' lang='lat' dir='ltr'>urbem</span> <span class='ocrx_word' id='word_1_34' title='bbox 730 391 942 446; x_wconf 88' lang='lat' dir='ltr'>pervenit,</span> <span class='ocrx_word' id='word_1_35' title='bbox 976 407 1025 432; x_wconf 88' lang='lat' dir='ltr'>ex</span> <span class='ocrx_word' id='word_1_36' title='bbox 1059 406 1143 448; x_wconf 87' lang='lat' dir='ltr'>qua</span> <span class='ocrx_word' id='word_1_37' title='bbox 1175 391 1464 448; x_wconf 74' lang='lat' dir='ltr'>Spitamenes,</span> <span class='ocrx_word' id='word_1_38' title='bbox 1493 408 1614 434; x_wconf 75' lang='lat' dir='ltr'>com-</span> <span class='ocrx_word' id='word_1_39' title='bbox 1669 366 1675 438; x_wconf 81' lang='lat' dir='ltr'>l</span> 
     </span>
     <span class='ocr_line' id='line_1_12' title="bbox 247 462 1670 522; baseline -0.002 -16"><span class='ocrx_word' id='word_1_40' title='bbox 247 465 409 522; x_wconf 84' lang='lat' dir='ltr'>pert0³</span> <span class='ocrx_word' id='word_1_41' title='bbox 456 462 545 504; x_wconf 90' lang='lat' dir='ltr'>eius</span> <span class='ocrx_word' id='word_1_42' title='bbox 584 462 787 513; x_wconf 83' lang='lat' dir='ltr'>adventu,</span> <span class='ocrx_word' id='word_1_43' title='bbox 826 465 988 505; x_wconf 73' lang='lat' dir='ltr'>.}actra</span> <span class='ocrx_word' id='word_1_44' title='bbox 1020 462 1281 519; x_wconf 73' lang='lat' dir='ltr'>perfugerat.</span> <span class='ocrx_word' id='word_1_45' title='bbox 1334 465 1487 521; x_wconf 86' lang='lat' dir='ltr'>ltaque</span> <span class='ocrx_word' id='word_1_46' title='bbox 1519 472 1670 521; x_wconf 75' lang='lat' dir='ltr'>qua—2»</span> 
     </span>
    </p>
   </div>
   <div class='ocr_carea' id='block_1_5' title="bbox 248 533 1618 593">
    <p class='ocr_par' dir='ltr' id='par_1_5' title="bbox 248 533 1618 593">
     <span class='ocr_line' id='line_1_13' title="bbox 248 533 1618 593; baseline -0.001 -15"><span class='ocrx_word' id='word_1_47' title='bbox 248 536 396 578; x_wconf 85' lang='lat' dir='ltr'>triduo</span> <span class='ocrx_word' id='word_1_48' title='bbox 428 549 501 575; x_wconf 86' lang='lat' dir='ltr'>rex</span> <span class='ocrx_word' id='word_1_49' title='bbox 541 533 721 590; x_wconf 71' lang='lat' dir='ltr'>longum</span> <span class='ocrx_word' id='word_1_50' title='bbox 748 534 914 577; x_wconf 88' lang='lat' dir='ltr'>itineris</span> <span class='ocrx_word' id='word_1_51' title='bbox 945 536 1136 593; x_wconf 81' lang='lat' dir='ltr'>spatium</span> <span class='ocrx_word' id='word_1_52' title='bbox 1168 551 1382 586; x_wconf 88' lang='lat' dir='ltr'>emensus,</span> <span class='ocrx_word' id='word_1_53' title='bbox 1411 551 1618 592; x_wconf 87' lang='lat' dir='ltr'>pervene-</span> 
     </span>
    </p>
   </div>
   <div class='ocr_carea' id='block_1_6' title="bbox 247 603 1692 2468">
    <p class='ocr_par' dir='ltr' id='par_1_6' title="bbox 247 603 1679 739">
     <span class='ocr_line' id='line_1_14' title="bbox 247 603 1679 666; baseline -0.002 -16"><span class='ocrx_word' id='word_1_54' title='bbox 247 616 318 650; x_wconf 85' lang='lat' dir='ltr'>rat</span> <span class='ocrx_word' id='word_1_55' title='bbox 347 609 390 648; x_wconf 92' lang='lat' dir='ltr'>in</span> <span class='ocrx_word' id='word_1_56' title='bbox 429 620 529 647; x_wconf 87' lang='lat' dir='ltr'>eum</span> <span class='ocrx_word' id='word_1_57' title='bbox 571 603 734 654; x_wconf 90' lang='lat' dir='ltr'>locum,</span> <span class='ocrx_word' id='word_1_58' title='bbox 766 605 810 647; x_wconf 89' lang='lat' dir='ltr'>in</span> <span class='ocrx_word' id='word_1_59' title='bbox 844 622 943 663; x_wconf 89' lang='lat' dir='ltr'>quo,</span> <span class='ocrx_word' id='word_1_60' title='bbox 975 607 1245 648; x_wconf 83' lang='lat' dir='ltr'>Menedemo</span> <span class='ocrx_word' id='word_1_61' title='bbox 1278 608 1402 658; x_wconf 88' lang='lat' dir='ltr'>duce,</span> <span class='ocrx_word' id='word_1_62' title='bbox 1435 621 1464 648; x_wconf 88' lang='lat'>11</span> <span class='ocrx_word' id='word_1_63' title='bbox 1495 607 1617 650; x_wconf 84' lang='lat' dir='ltr'>milia</span> <span class='ocrx_word' id='word_1_64' title='bbox 1641 606 1679 666; x_wconf 43' lang='grc' dir='ltr'>Ἅι</span> 
     </span>
     <span class='ocr_line' id='line_1_15' title="bbox 248 677 1619 739; baseline -0.001 -18"><span class='ocrx_word' id='word_1_65' title='bbox 248 681 450 739; x_wconf 83' lang='lat' dir='ltr'>peditum</span> <span class='ocrx_word' id='word_1_66' title='bbox 483 685 526 718; x_wconf 87' lang='lat' dir='ltr'>et</span> <span class='ocrx_word' id='word_1_67' title='bbox 556 690 629 717; x_wconf 89' lang='lat' dir='ltr'>CCC</span> <span class='ocrx_word' id='word_1_68' title='bbox 660 677 828 734; x_wconf 84' lang='lat' dir='ltr'>equites</span> <span class='ocrx_word' id='word_1_69' title='bbox 859 679 1080 722; x_wconf 84' lang='lat' dir='ltr'>amiserat.</span> <span class='ocrx_word' id='word_1_70' title='bbox 1140 680 1313 723; x_wconf 83' lang='lat' dir='ltr'>Horum</span> <span class='ocrx_word' id='word_1_71' title='bbox 1346 695 1439 722; x_wconf 86' lang='lat' dir='ltr'>ossa</span> <span class='ocrx_word' id='word_1_72' title='bbox 1475 687 1619 721; x_wconf 59' lang='lat' dir='ltr'>tumur</span> 
     </span>
    </p>

    <p class='ocr_par' dir='ltr' id='par_1_7' title="bbox 248 750 1652 880">
     <span class='ocr_line' id='line_1_16' title="bbox 248 750 1652 807; baseline -0.003 -12"><span class='ocrx_word' id='word_1_73' title='bbox 248 754 290 795; x_wconf 93' lang='lat' dir='ltr'>lo</span> <span class='ocrx_word' id='word_1_74' title='bbox 324 750 495 807; x_wconf 71' lang='lat' dir='ltr'>contegi</span> <span class='ocrx_word' id='word_1_75' title='bbox 532 750 664 797; x_wconf 79' lang='lat' dir='ltr'>iussit,</span> <span class='ocrx_word' id='word_1_76' title='bbox 702 757 746 791; x_wconf 89' lang='lat' dir='ltr'>et</span> <span class='ocrx_word' id='word_1_77' title='bbox 782 750 960 791; x_wconf 83' lang='lat' dir='ltr'>inferias</span> <span class='ocrx_word' id='word_1_78' title='bbox 1002 765 1127 791; x_wconf 83' lang='lat' dir='ltr'>more</span> <span class='ocrx_word' id='word_1_79' title='bbox 1157 751 1301 806; x_wconf 79' lang='lat' dir='ltr'>patrio</span> <span class='ocrx_word' id='word_1_80' title='bbox 1334 752 1467 793; x_wconf 86' lang='lat' dir='ltr'>dedit.</span> <span class='ocrx_word' id='word_1_81' title='bbox 1526 753 1652 798; x_wconf 64' lang='lat' dir='ltr'>Iam-2</span> 
     </span>
     <span class='ocr_line' id='line_1_17' title="bbox 250 821 1617 880; baseline -0.003 -13"><span class='ocrx_word' id='word_1_82' title='bbox 250 825 471 872; x_wconf 79' lang='lat' dir='ltr'>Craterus,</span> <span class='ocrx_word' id='word_1_83' title='bbox 516 837 618 863; x_wconf 88' lang='lat' dir='ltr'>cum</span> <span class='ocrx_word' id='word_1_84' title='bbox 662 821 877 879; x_wconf 76' lang='lat' dir='ltr'>phalange</span> <span class='ocrx_word' id='word_1_85' title='bbox 920 823 1123 880; x_wconf 81' lang='lat' dir='ltr'>subsequi</span> <span class='ocrx_word' id='word_1_86' title='bbox 1166 823 1324 873; x_wconf 74' lang='lat' dir='ltr'>iussus,</span> <span class='ocrx_word' id='word_1_87' title='bbox 1364 824 1420 865; x_wconf 87' lang='lat' dir='ltr'>ad</span> <span class='ocrx_word' id='word_1_88' title='bbox 1470 838 1617 879; x_wconf 79' lang='lat' dir='ltr'>regem</span> 
     </span>
    </p>

    <p class='ocr_par' dir='ltr' id='par_1_8' title="bbox 249 895 1669 1095">
     <span class='ocr_line' id='line_1_18' title="bbox 249 895 1669 955; baseline -0.001 -16"><span class='ocrx_word' id='word_1_89' title='bbox 249 902 523 955; x_wconf 85' lang='lat' dir='ltr'>pervenerat.</span> <span class='ocrx_word' id='word_1_90' title='bbox 588 895 736 950; x_wconf 81' lang='lat' dir='ltr'>ltaque</span> <span class='ocrx_word' id='word_1_91' title='bbox 777 901 827 934; x_wconf 86' lang='lat' dir='ltr'>ut</span> <span class='ocrx_word' id='word_1_92' title='bbox 857 909 1022 942; x_wconf 87' lang='lat' dir='ltr'>omnes,</span> <span class='ocrx_word' id='word_1_93' title='bbox 1055 895 1127 952; x_wconf 91' lang='lat' dir='ltr'>qui</span> <span class='ocrx_word' id='word_1_94' title='bbox 1156 895 1425 943; x_wconf 79' lang='lat' dir='ltr'>defecerant,</span> <span class='ocrx_word' id='word_1_95' title='bbox 1454 895 1669 952; x_wconf 60' lang='lat' dir='ltr'>pariterax</span> 
     </span>
     <span class='ocr_line' id='line_1_19' title="bbox 249 966 1667 1024; baseline -0.002 -13"><span class='ocrx_word' id='word_1_96' title='bbox 249 969 349 1018; x_wconf 84' lang='lat' dir='ltr'>belli</span> <span class='ocrx_word' id='word_1_97' title='bbox 379 967 502 1010; x_wconf 86' lang='lat' dir='ltr'>clade</span> <span class='ocrx_word' id='word_1_98' title='bbox 534 974 857 1023; x_wconf 78' lang='lat' dir='ltr'>premerentur,</span> <span class='ocrx_word' id='word_1_99' title='bbox 892 967 1041 1024; x_wconf 84' lang='lat' dir='ltr'>copias</span> <span class='ocrx_word' id='word_1_100' title='bbox 1079 966 1247 1016; x_wconf 85' lang='lat' dir='ltr'>dividit,</span> <span class='ocrx_word' id='word_1_101' title='bbox 1289 967 1446 1024; x_wconf 86' lang='lat' dir='ltr'>urique</span> <span class='ocrx_word' id='word_1_102' title='bbox 1481 981 1619 1024; x_wconf 70' lang='lat' dir='ltr'>agros,</span> <span class='ocrx_word' id='word_1_103' title='bbox 1652 986 1667 998; x_wconf 61' lang='grc' dir='ltr'><strong>ν</strong></span> 
     </span>
     <span class='ocr_line' id='line_1_20' title="bbox 252 1039 900 1095; baseline -0.009 -11"><span class='ocrx_word' id='word_1_104' title='bbox 252 1050 297 1084; x_wconf 89' lang='lat' dir='ltr'>et</span> <span class='ocrx_word' id='word_1_105' title='bbox 332 1039 519 1083; x_wconf 83' lang='lat' dir='ltr'>interfici</span> <span class='ocrx_word' id='word_1_106' title='bbox 548 1039 735 1095; x_wconf 82' lang='lat' dir='ltr'>puberes</span> <span class='ocrx_word' id='word_1_107' title='bbox 766 1039 900 1080; x_wconf 85' lang='lat' dir='ltr'>iussit.</span> 
     </span>
    </p>

    <p class='ocr_par' dir='ltr' id='par_1_9' title="bbox 251 1110 1692 2468">
     <span class='ocr_line' id='line_1_21' title="bbox 342 1110 1682 1170; baseline 0.002 -19"><span class='ocrx_word' id='word_1_108' title='bbox 342 1113 565 1170; x_wconf 77' lang='lat' dir='ltr'>Sogdiana</span> <span class='ocrx_word' id='word_1_109' title='bbox 581 1110 699 1166; x_wconf 74' lang='lat' dir='ltr'>regio</span> <span class='ocrx_word' id='word_1_110' title='bbox 732 1111 938 1152; x_wconf 76' lang='lat' dir='ltr'>maiore4</span> <span class='ocrx_word' id='word_1_111' title='bbox 972 1128 1021 1153; x_wconf 87' lang='lat' dir='ltr'>ex</span> <span class='ocrx_word' id='word_1_112' title='bbox 1039 1119 1163 1168; x_wconf 86' lang='lat' dir='ltr'>parte</span> <span class='ocrx_word' id='word_1_113' title='bbox 1181 1112 1352 1152; x_wconf 87' lang='lat' dir='ltr'>deserta</span> <span class='ocrx_word' id='word_1_114' title='bbox 1371 1118 1453 1152; x_wconf 86' lang='lat' dir='ltr'>est:</span> <span class='ocrx_word' id='word_1_115' title='bbox 1483 1110 1682 1157; x_wconf 59' lang='lat' dir='ltr'>octinrxz·</span> 
     </span>
     <span class='ocr_line' id='line_1_22' title="bbox 251 1182 1620 1245; baseline -0.003 -17"><span class='ocrx_word' id='word_1_116' title='bbox 251 1194 380 1245; x_wconf 76' lang='lat' dir='ltr'>genta</span> <span class='ocrx_word' id='word_1_117' title='bbox 408 1184 497 1225; x_wconf 87' lang='lat' dir='ltr'>fere</span> <span class='ocrx_word' id='word_1_118' title='bbox 539 1182 675 1222; x_wconf 88' lang='lat' dir='ltr'>stadia</span> <span class='ocrx_word' id='word_1_119' title='bbox 712 1182 756 1221; x_wconf 89' lang='lat' dir='ltr'>in</span> <span class='ocrx_word' id='word_1_120' title='bbox 795 1182 1075 1225; x_wconf 80' lang='lat' dir='ltr'>latitudinem</span> <span class='ocrx_word' id='word_1_121' title='bbox 1101 1191 1245 1225; x_wconf 83' lang='lat' dir='ltr'>vastae</span> <span class='ocrx_word' id='word_1_122' title='bbox 1278 1183 1531 1225; x_wconf 87' lang='lat' dir='ltr'>solitudines</span> <span class='ocrx_word' id='word_1_123' title='bbox 1560 1190 1620 1224; x_wconf 83' lang='lat' dir='ltr'>te-</span> 
     </span>
     <span class='ocr_line' id='line_1_23' title="bbox 251 1253 1672 1312; baseline -0.004 -12"><span class='ocrx_word' id='word_1_124' title='bbox 251 1265 373 1300; x_wconf 84' lang='lat' dir='ltr'>nent.</span> <span class='ocrx_word' id='word_1_125' title='bbox 450 1256 607 1310; x_wconf 80' lang='lat' dir='ltr'>Ingens</span> <span class='ocrx_word' id='word_1_126' title='bbox 645 1253 836 1309; x_wconf 81' lang='lat' dir='ltr'>spatium</span> <span class='ocrx_word' id='word_1_127' title='bbox 870 1264 1017 1294; x_wconf 78' lang='lat' dir='ltr'>rectae</span> <span class='ocrx_word' id='word_1_128' title='bbox 1053 1256 1242 1311; x_wconf 71' lang='lat' dir='ltr'>regionis</span> <span class='ocrx_word' id='word_1_129' title='bbox 1271 1264 1346 1305; x_wconf 88' lang='lat' dir='ltr'>est,</span> <span class='ocrx_word' id='word_1_130' title='bbox 1378 1270 1458 1312; x_wconf 83' lang='lat' dir='ltr'>per</span> <span class='ocrx_word' id='word_1_131' title='bbox 1487 1269 1620 1311; x_wconf 80' lang='lat' dir='ltr'>quam</span> <span class='ocrx_word' id='word_1_132' title='bbox 1652 1271 1672 1294; x_wconf 82' lang='lat'>2</span> 
     </span>
     <span class='ocr_line' id='line_1_24' title="bbox 255 1325 1621 1383; baseline -0.004 -11"><span class='ocrx_word' id='word_1_133' title='bbox 255 1328 418 1374; x_wconf 83' lang='lat' dir='ltr'>amnis,</span> <span class='ocrx_word' id='word_1_134' title='bbox 467 1326 783 1383; x_wconf 69' lang='lat' dir='ltr'>Polytimetum</span> <span class='ocrx_word' id='word_1_135' title='bbox 829 1333 992 1366; x_wconf 74' lang='lat' dir='ltr'>vocant</span> <span class='ocrx_word' id='word_1_136' title='bbox 1028 1325 1219 1376; x_wconf 81' lang='lat' dir='ltr'>incolae,</span> <span class='ocrx_word' id='word_1_137' title='bbox 1253 1328 1396 1366; x_wconf 79' lang='lat' dir='ltr'>fertur</span> <span class='ocrx_word' id='word_1_138' title='bbox 1435 1335 1621 1373; x_wconf 62' lang='lat' dir='ltr'>torrens,</span> 
     </span>
     <span class='ocr_line' id='line_1_25' title="bbox 251 1396 1624 1454; baseline -0.001 -14"><span class='ocrx_word' id='word_1_139' title='bbox 251 1403 368 1444; x_wconf 87' lang='lat' dir='ltr'>Eum</span> <span class='ocrx_word' id='word_1_140' title='bbox 397 1399 518 1454; x_wconf 87' lang='lat' dir='ltr'>ripae</span> <span class='ocrx_word' id='word_1_141' title='bbox 549 1398 592 1438; x_wconf 89' lang='lat' dir='ltr'>in</span> <span class='ocrx_word' id='word_1_142' title='bbox 620 1405 801 1438; x_wconf 85' lang='lat' dir='ltr'>tenuem</span> <span class='ocrx_word' id='word_1_143' title='bbox 835 1396 1004 1437; x_wconf 76' lang='lat' dir='ltr'>alveum</span> <span class='ocrx_word' id='word_1_144' title='bbox 1038 1405 1222 1453; x_wconf 76' lang='lat' dir='ltr'>cogunt;</span> <span class='ocrx_word' id='word_1_145' title='bbox 1251 1397 1408 1438; x_wconf 83' lang='lat' dir='ltr'>deinde</span> <span class='ocrx_word' id='word_1_146' title='bbox 1437 1409 1624 1448; x_wconf 48' lang='lat' dir='ltr'>cauernss</span> 
     </span>
     <span class='ocr_line' id='line_1_26' title="bbox 253 1468 1685 1529; baseline -0.004 -13"><span class='ocrx_word' id='word_1_147' title='bbox 253 1472 429 1529; x_wconf 83' lang='lat' dir='ltr'>accipit,</span> <span class='ocrx_word' id='word_1_148' title='bbox 473 1479 517 1511; x_wconf 90' lang='lat' dir='ltr'>et</span> <span class='ocrx_word' id='word_1_149' title='bbox 561 1471 640 1511; x_wconf 89' lang='lat' dir='ltr'>sub</span> <span class='ocrx_word' id='word_1_150' title='bbox 684 1477 848 1510; x_wconf 88' lang='lat' dir='ltr'>terram</span> <span class='ocrx_word' id='word_1_151' title='bbox 886 1469 1012 1525; x_wconf 89' lang='lat' dir='ltr'>rapit.</span> <span class='ocrx_word' id='word_1_152' title='bbox 1087 1468 1252 1511; x_wconf 86' lang='lat' dir='ltr'>Cursus</span> <span class='ocrx_word' id='word_1_153' title='bbox 1281 1469 1527 1510; x_wconf 83' lang='lat' dir='ltr'>absconditi</span> <span class='ocrx_word' id='word_1_154' title='bbox 1557 1469 1621 1510; x_wconf 86' lang='lat' dir='ltr'>in-</span> <span class='ocrx_word' id='word_1_155' title='bbox 1652 1485 1685 1523; x_wconf 82' lang='grc' dir='ltr'>3Ι</span> 
     </span>
     <span class='ocr_line' id='line_1_27' title="bbox 255 1531 1675 1599; baseline -0.003 -12"><span class='ocrx_word' id='word_1_156' title='bbox 255 1546 422 1588; x_wconf 83' lang='lat' dir='ltr'>dicium</span> <span class='ocrx_word' id='word_1_157' title='bbox 462 1550 526 1585; x_wconf 86' lang='lat' dir='ltr'>est</span> <span class='ocrx_word' id='word_1_158' title='bbox 563 1558 700 1599; x_wconf 87' lang='lat' dir='ltr'>aquae</span> <span class='ocrx_word' id='word_1_159' title='bbox 736 1540 924 1582; x_wconf 89' lang='lat' dir='ltr'>meantis</span> <span class='ocrx_word' id='word_1_160' title='bbox 966 1555 1110 1590; x_wconf 88' lang='lat' dir='ltr'>sonus,</span> <span class='ocrx_word' id='word_1_161' title='bbox 1155 1555 1256 1582; x_wconf 85' lang='lat' dir='ltr'>cum</span> <span class='ocrx_word' id='word_1_162' title='bbox 1288 1540 1434 1597; x_wconf 89' lang='lat' dir='ltr'>ipsum</span> <span class='ocrx_word' id='word_1_163' title='bbox 1466 1542 1619 1599; x_wconf 70' lang='lat' dir='ltr'>solum,</span> <span class='ocrx_word' id='word_1_164' title='bbox 1642 1531 1675 1556; x_wconf 54' lang='lat'>⁷³</span> 
     </span>
     <span class='ocr_line' id='line_1_28' title="bbox 256 1612 1691 1674; baseline -0.003 -14"><span class='ocrx_word' id='word_1_165' title='bbox 256 1619 336 1661; x_wconf 87' lang='lat' dir='ltr'>sub</span> <span class='ocrx_word' id='word_1_166' title='bbox 368 1632 456 1674; x_wconf 90' lang='lat' dir='ltr'>quo</span> <span class='ocrx_word' id='word_1_167' title='bbox 496 1624 644 1657; x_wconf 77' lang='lat' dir='ltr'>tantus</span> <span class='ocrx_word' id='word_1_168' title='bbox 680 1614 821 1656; x_wconf 82' lang='lat' dir='ltr'>amnis</span> <span class='ocrx_word' id='word_1_169' title='bbox 860 1612 968 1662; x_wconf 76' lang='lat' dir='ltr'>fluit,</span> <span class='ocrx_word' id='word_1_170' title='bbox 1001 1628 1056 1653; x_wconf 88' lang='lat' dir='ltr'>ne</span> <span class='ocrx_word' id='word_1_171' title='bbox 1084 1612 1263 1653; x_wconf 84' lang='lat' dir='ltr'>modico</span> <span class='ocrx_word' id='word_1_172' title='bbox 1296 1613 1476 1670; x_wconf 88' lang='lat' dir='ltr'>quidem</span> <span class='ocrx_word' id='word_1_173' title='bbox 1508 1629 1624 1665; x_wconf 87' lang='lat' dir='ltr'>resu-</span> <span class='ocrx_word' id='word_1_174' title='bbox 1682 1615 1691 1663; x_wconf 68' lang='grc'>,’</span> 
     </span>
     <span class='ocr_line' id='line_1_29' title="bbox 257 1686 1674 1743; baseline -0.003 -11"><span class='ocrx_word' id='word_1_175' title='bbox 257 1693 331 1733; x_wconf 81' lang='lat' dir='ltr'>det</span> <span class='ocrx_word' id='word_1_176' title='bbox 359 1689 563 1730; x_wconf 86' lang='lat' dir='ltr'>humore.</span> <span class='ocrx_word' id='word_1_177' title='bbox 616 1688 683 1728; x_wconf 74' lang='lat' dir='ltr'>Ex</span> <span class='ocrx_word' id='word_1_178' title='bbox 716 1686 896 1742; x_wconf 72' lang='lat' dir='ltr'>captixis</span> <span class='ocrx_word' id='word_1_179' title='bbox 928 1686 1252 1740; x_wconf 75' lang='lat' dir='ltr'>Sogdianorum</span> <span class='ocrx_word' id='word_1_180' title='bbox 1283 1686 1336 1725; x_wconf 84' lang='lat' dir='ltr'>ad</span> <span class='ocrx_word' id='word_1_181' title='bbox 1365 1701 1511 1743; x_wconf 72' lang='lat' dir='ltr'>regem</span> <span class='ocrx_word' id='word_1_182' title='bbox 1543 1700 1624 1730; x_wconf 76' lang='lat' dir='ltr'>xxx</span> <span class='ocrx_word' id='word_1_183' title='bbox 1654 1707 1674 1732; x_wconf 82' lang='lat'>4</span> 
     </span>
     <span class='ocr_line' id='line_1_30' title="bbox 255 1756 1623 1815; baseline -0.004 -11"><span class='ocrx_word' id='word_1_184' title='bbox 255 1761 528 1808; x_wconf 79' lang='lat' dir='ltr'>nobilissimi,</span> <span class='ocrx_word' id='word_1_185' title='bbox 570 1774 811 1815; x_wconf 85' lang='lat' dir='ltr'>corporum</span> <span class='ocrx_word' id='word_1_186' title='bbox 849 1758 1011 1799; x_wconf 85' lang='lat' dir='ltr'>robore</span> <span class='ocrx_word' id='word_1_187' title='bbox 1042 1756 1213 1806; x_wconf 81' lang='lat' dir='ltr'>eximio,</span> <span class='ocrx_word' id='word_1_188' title='bbox 1245 1757 1446 1813; x_wconf 83' lang='lat' dir='ltr'>perducti</span> <span class='ocrx_word' id='word_1_189' title='bbox 1479 1759 1623 1800; x_wconf 63' lang='lat' dir='ltr'>erant}</span> 
     </span>
     <span class='ocr_line' id='line_1_31' title="bbox 257 1829 1689 1892; baseline -0.001 -17"><span class='ocrx_word' id='word_1_190' title='bbox 257 1835 329 1892; x_wconf 92' lang='lat' dir='ltr'>qui</span> <span class='ocrx_word' id='word_1_191' title='bbox 362 1841 411 1874; x_wconf 86' lang='lat' dir='ltr'>ut</span> <span class='ocrx_word' id='word_1_192' title='bbox 437 1849 517 1890; x_wconf 84' lang='lat' dir='ltr'>per</span> <span class='ocrx_word' id='word_1_193' title='bbox 555 1833 842 1889; x_wconf 77' lang='lat' dir='ltr'>interpretem</span> <span class='ocrx_word' id='word_1_194' title='bbox 870 1836 1186 1885; x_wconf 70' lang='lat' dir='ltr'>cognoverunt,</span> <span class='ocrx_word' id='word_1_195' title='bbox 1217 1829 1333 1870; x_wconf 86' lang='lat' dir='ltr'>iussu</span> <span class='ocrx_word' id='word_1_196' title='bbox 1366 1830 1475 1887; x_wconf 73' lang='lat' dir='ltr'>regis</span> <span class='ocrx_word' id='word_1_197' title='bbox 1507 1831 1624 1887; x_wconf 90' lang='lat' dir='ltr'>ipsos</span> <span class='ocrx_word' id='word_1_198' title='bbox 1684 1834 1689 1843; x_wconf 90' lang='lat'><em>&#39;</em></span> 
     </span>
     <span class='ocr_line' id='line_1_32' title="bbox 258 1901 1653 1962; baseline -0.003 -13"><span class='ocrx_word' id='word_1_199' title='bbox 258 1908 313 1949; x_wconf 88' lang='lat' dir='ltr'>ad</span> <span class='ocrx_word' id='word_1_200' title='bbox 354 1905 616 1962; x_wconf 88' lang='lat' dir='ltr'>supplicium</span> <span class='ocrx_word' id='word_1_201' title='bbox 656 1905 784 1954; x_wconf 81' lang='lat' dir='ltr'>trahi,</span> <span class='ocrx_word' id='word_1_202' title='bbox 825 1918 1005 1946; x_wconf 76' lang='lat' dir='ltr'>carmen</span> <span class='ocrx_word' id='word_1_203' title='bbox 1044 1901 1301 1943; x_wconf 84' lang='lat' dir='ltr'>laetantium</span> <span class='ocrx_word' id='word_1_204' title='bbox 1339 1903 1476 1943; x_wconf 88' lang='lat' dir='ltr'>modo</span> <span class='ocrx_word' id='word_1_205' title='bbox 1500 1904 1513 1930; x_wconf 81' lang='lat'><em>⁵</em></span> <span class='ocrx_word' id='word_1_206' title='bbox 1557 1905 1653 1945; x_wconf 53' lang='lat' dir='ltr'>cass*</span> 
     </span>
     <span class='ocr_line' id='line_1_33' title="bbox 257 1974 1626 2035; baseline -0.004 -14"><span class='ocrx_word' id='word_1_207' title='bbox 257 1995 386 2029; x_wconf 87' lang='lat' dir='ltr'>nere,</span> <span class='ocrx_word' id='word_1_208' title='bbox 423 1977 713 2035; x_wconf 89' lang='lat' dir='ltr'>tripudiisque</span> <span class='ocrx_word' id='word_1_209' title='bbox 754 1984 798 2018; x_wconf 86' lang='lat' dir='ltr'>et</span> <span class='ocrx_word' id='word_1_210' title='bbox 841 1974 1055 2017; x_wconf 87' lang='lat' dir='ltr'>lasciviori</span> <span class='ocrx_word' id='word_1_211' title='bbox 1099 1974 1298 2031; x_wconf 89' lang='lat' dir='ltr'>corporis</span> <span class='ocrx_word' id='word_1_212' title='bbox 1345 1982 1474 2016; x_wconf 86' lang='lat' dir='ltr'>motu</span> <span class='ocrx_word' id='word_1_213' title='bbox 1522 1990 1626 2031; x_wconf 77' lang='lat' dir='ltr'>gau-</span> 
     </span>
     <span class='ocr_line' id='line_1_34' title="bbox 258 2047 1672 2108; baseline -0.005 -13"><span class='ocrx_word' id='word_1_214' title='bbox 258 2053 382 2095; x_wconf 87' lang='lat' dir='ltr'>dium</span> <span class='ocrx_word' id='word_1_215' title='bbox 413 2050 641 2108; x_wconf 86' lang='lat' dir='ltr'>quoddam</span> <span class='ocrx_word' id='word_1_216' title='bbox 684 2048 817 2090; x_wconf 86' lang='lat' dir='ltr'>animi</span> <span class='ocrx_word' id='word_1_217' title='bbox 859 2054 1079 2089; x_wconf 85' lang='lat' dir='ltr'>ostentare</span> <span class='ocrx_word' id='word_1_218' title='bbox 1111 2054 1366 2104; x_wconf 85' lang='lat' dir='ltr'>coeperunt.</span> <span class='ocrx_word' id='word_1_219' title='bbox 1422 2047 1624 2089; x_wconf 58' lang='lat' dir='ltr'>Admitti-¹</span> <span class='ocrx_word' id='word_1_220' title='bbox 1657 2067 1672 2095; x_wconf 81' lang='lat'><strong>5</strong></span> 
     </span>
     <span class='ocr_line' id='line_1_35' title="bbox 256 2117 1689 2179; baseline -0.004 -13"><span class='ocrx_word' id='word_1_221' title='bbox 256 2134 326 2167; x_wconf 85' lang='lat' dir='ltr'>tus</span> <span class='ocrx_word' id='word_1_222' title='bbox 356 2140 442 2174; x_wconf 75' lang='lat' dir='ltr'>reX,</span> <span class='ocrx_word' id='word_1_223' title='bbox 480 2130 604 2164; x_wconf 88' lang='lat' dir='ltr'>tanta</span> <span class='ocrx_word' id='word_1_224' title='bbox 648 2119 951 2177; x_wconf 74' lang='lat' dir='ltr'>magnitudine</span> <span class='ocrx_word' id='word_1_225' title='bbox 990 2120 1124 2160; x_wconf 89' lang='lat' dir='ltr'>animi</span> <span class='ocrx_word' id='word_1_226' title='bbox 1165 2129 1374 2176; x_wconf 79' lang='lat' dir='ltr'>oppetere</span> <span class='ocrx_word' id='word_1_227' title='bbox 1413 2117 1621 2169; x_wconf 72' lang='lat' dir='ltr'>mortem,</span> <span class='ocrx_word' id='word_1_228' title='bbox 1688 2175 1689 2179; x_wconf 13' lang='grc' dir='ltr'><strong>Ἰ</strong></span> 
     </span>
     <span class='ocr_line' id='line_1_36' title="bbox 257 2187 1681 2243; baseline -0.004 -4"><span class='ocrx_word' id='word_1_229' title='bbox 257 2196 455 2240; x_wconf 86' lang='lat' dir='ltr'>revocari</span> <span class='ocrx_word' id='word_1_230' title='bbox 482 2210 556 2237; x_wconf 93' lang='lat' dir='ltr'>eos</span> <span class='ocrx_word' id='word_1_231' title='bbox 588 2194 719 2243; x_wconf 89' lang='lat' dir='ltr'>iussit,</span> <span class='ocrx_word' id='word_1_232' title='bbox 761 2207 938 2234; x_wconf 86' lang='lat' dir='ltr'>causam</span> <span class='ocrx_word' id='word_1_233' title='bbox 970 2200 1072 2233; x_wconf 56' lang='lat' dir='ltr'>tam*</span> <span class='ocrx_word' id='word_1_234' title='bbox 1091 2192 1255 2234; x_wconf 72' lang='lat' dir='ltr'>effusae</span> <span class='ocrx_word' id='word_1_235' title='bbox 1288 2192 1488 2240; x_wconf 84' lang='lat' dir='ltr'>laetitiae,</span> <span class='ocrx_word' id='word_1_236' title='bbox 1521 2206 1626 2234; x_wconf 89' lang='lat' dir='ltr'>cum·</span> <span class='ocrx_word' id='word_1_237' title='bbox 1646 2187 1681 2211; x_wconf 53' lang='lat'>⁸¹¹</span> 
     </span>
     <span class='ocr_line' id='line_1_37' title="bbox 258 2263 1690 2327; baseline -0.006 -16"><span class='ocrx_word' id='word_1_238' title='bbox 258 2268 523 2327; x_wconf 89' lang='lat' dir='ltr'>supplicium</span> <span class='ocrx_word' id='word_1_239' title='bbox 564 2273 666 2308; x_wconf 77' lang='lat' dir='ltr'>ante</span> <span class='ocrx_word' id='word_1_240' title='bbox 703 2264 853 2306; x_wconf 85' lang='lat' dir='ltr'>oculos</span> <span class='ocrx_word' id='word_1_241' title='bbox 899 2264 1124 2314; x_wconf 82' lang='lat' dir='ltr'>haberent,</span> <span class='ocrx_word' id='word_1_242' title='bbox 1173 2265 1411 2323; x_wconf 83' lang='lat' dir='ltr'>requirens.</span> <span class='ocrx_word' id='word_1_243' title='bbox 1480 2264 1552 2315; x_wconf 87' lang='lat' dir='ltr'>llli,</span> <span class='ocrx_word' id='word_1_244' title='bbox 1591 2263 1626 2306; x_wconf 55' lang='lat' dir='ltr'>si&gt;</span> <span class='ocrx_word' id='word_1_245' title='bbox 1654 2272 1690 2315; x_wconf 33' lang='lat'>6·</span> 
     </span>
     <span class='ocr_line' id='line_1_38' title="bbox 261 2335 1691 2394; baseline -0.004 -10"><span class='ocrx_word' id='word_1_246' title='bbox 261 2343 315 2384; x_wconf 91' lang='lat' dir='ltr'>ab</span> <span class='ocrx_word' id='word_1_247' title='bbox 349 2343 432 2382; x_wconf 88' lang='lat' dir='ltr'>alio</span> <span class='ocrx_word' id='word_1_248' title='bbox 473 2339 796 2387; x_wconf 86' lang='lat' dir='ltr'>occiderentur,</span> <span class='ocrx_word' id='word_1_249' title='bbox 832 2336 974 2378; x_wconf 85' lang='lat' dir='ltr'>tristes</span> <span class='ocrx_word' id='word_1_250' title='bbox 1007 2337 1262 2379; x_wconf 50' lang='lat' dir='ltr'>morituros*</span> <span class='ocrx_word' id='word_1_251' title='bbox 1289 2337 1419 2378; x_wconf 77' lang='lat' dir='ltr'>fuisse</span> <span class='ocrx_word' id='word_1_252' title='bbox 1450 2335 1629 2394; x_wconf 62' lang='lat' dir='ltr'>resp&#39;o&#39;rtss</span> <span class='ocrx_word' id='word_1_253' title='bbox 1687 2349 1691 2390; x_wconf 52' lang='grc' dir='ltr'><strong>ᾗ</strong></span> 
     </span>
     <span class='ocr_line' id='line_1_39' title="bbox 262 2405 1692 2468; baseline -0.005 -11"><span class='ocrx_word' id='word_1_254' title='bbox 262 2416 389 2465; x_wconf 91' lang='lat' dir='ltr'>dent;</span> <span class='ocrx_word' id='word_1_255' title='bbox 428 2429 545 2454; x_wconf 90' lang='lat' dir='ltr'>nunc</span> <span class='ocrx_word' id='word_1_256' title='bbox 580 2427 602 2453; x_wconf 92' lang='lat' dir='ltr'>a</span> <span class='ocrx_word' id='word_1_257' title='bbox 640 2417 764 2452; x_wconf 87' lang='lat' dir='ltr'>tanto</span> <span class='ocrx_word' id='word_1_258' title='bbox 806 2425 930 2468; x_wconf 72' lang='lat' dir='ltr'>rege,</span> <span class='ocrx_word' id='word_1_259' title='bbox 971 2409 1138 2452; x_wconf 77' lang='lat' dir='ltr'>victore</span> <span class='ocrx_word' id='word_1_260' title='bbox 1179 2410 1381 2451; x_wconf 82' lang='lat' dir='ltr'>omnium</span> <span class='ocrx_word' id='word_1_261' title='bbox 1419 2409 1628 2466; x_wconf 64' lang='lat' dir='ltr'>gentium,</span> <span class='ocrx_word' id='word_1_262' title='bbox 1688 2405 1692 2450; x_wconf 74' lang='lat' dir='ltr'>i</span> 
     </span>
    </p>
   </div>
   <div class='ocr_carea' id='block_1_7' title="bbox 262 2584 1627 2678">
    <p class='ocr_par' dir='ltr' id='par_1_10' title="bbox 262 2584 1627 2678">
     <span class='ocr_line' id='line_1_40' title="bbox 262 2584 1627 2632; baseline -0.003 -7"><span class='ocrx_word' id='word_1_263' title='bbox 262 2591 281 2615; x_wconf 87' lang='lat'>1</span> <span class='ocrx_word' id='word_1_264' title='bbox 310 2590 381 2625; x_wconf 85' lang='lat' dir='ltr'>illi.</span> <span class='ocrx_word' id='word_1_265' title='bbox 599 2587 620 2613; x_wconf 87' lang='lat'>2</span> <span class='ocrx_word' id='word_1_266' title='bbox 645 2586 768 2621; x_wconf 75' lang='lat' dir='ltr'>abest.</span> <span class='ocrx_word' id='word_1_267' title='bbox 984 2585 1004 2616; x_wconf 83' lang='lat'><strong>3</strong></span> <span class='ocrx_word' id='word_1_268' title='bbox 1035 2585 1206 2632; x_wconf 78' lang='lat' dir='ltr'>cognito.</span> <span class='ocrx_word' id='word_1_269' title='bbox 1429 2590 1451 2619; x_wconf 78' lang='lat'>4</span> <span class='ocrx_word' id='word_1_270' title='bbox 1476 2584 1627 2621; x_wconf 74' lang='lat' dir='ltr'>maiori.</span> 
     </span>
     <span class='ocr_line' id='line_1_41' title="bbox 352 2646 499 2678; baseline -0.007 0"><span class='ocrx_word' id='word_1_271' title='bbox 352 2646 499 2678; x_wconf 83' lang='lat' dir='ltr'>Smore.</span> 
     </span>
    </p>
   </div>
  </div>
 </body>
</html>
