1703 2961
384 131 466 174 DE
504 130 712 174 GESTIS
747 130 914 173 ALEX.
954 131 1027 181 1V‚
1060 130 1126 171 63.
1355 130 1432 175 107

79 242 200 283 finire
236 250 488 299 potuerunt,
528 243 646 284 milia
679 255 750 293 XL,
786 242 1088 285 Macedonum
1128 242 1272 282 minus
1301 256 1436 298 quam

16 332 61 356 27
79 327 150 353 ccc
183 314 412 356 desiderati
445 323 556 356 sunt.
615 313 827 356 Ceterum
856 314 969 356 hanc
989 314 1217 354 victoriam
1246 329 1318 354 rex
1347 328 1437 353 ma-

78 386 167 426 iore
200 402 249 427 ex
278 394 400 443 parte
430 386 593 438 virtuti,
622 401 755 444 quam
784 386 989 428 fortunae
1017 400 1117 427 suae
1146 385 1320 426 debuit:
1349 385 1438 426 ani-

0 473 63 501 ,28
80 473 168 506 mo,
203 473 306 508 non,
351 465 400 498 ut
438 467 577 508 antea,
613 459 712 500 loco
751 459 867 500 vicit.
939 459 1054 500 Nam
1081 465 1124 499 et
1157 457 1297 498 aciem
1326 456 1438 513 peri-

1 569 3 579 ,
74 529 236 571 tissime
274 530 493 580 instruxit,
541 538 585 572 et
621 530 948 587 promptissime
986 530 1075 586 ipse
1124 529 1354 586 pugnavit,
1395 535 1439 570 et

0 585 3 621 3
73 617 234 658 magno
263 602 444 644 consilio
474 602 689 644 iacturam
712 602 982 644 sarcinarum
1003 602 1439 659 impedimentorum-

74 689 159 730 que
189 675 467 731 contempsit,
510 690 612 716 cum
649 675 691 715 in
722 676 812 731 ipsa
842 675 934 717 acie
965 678 1194 717 summae¹
1230 673 1291 715 rei
1322 673 1439 730 vide-

75 754 143 786 ret
182 761 271 787 esse
308 747 565 796 discrimen,
618 747 841 804 dubioque
881 746 1026 789 adhuc
1066 761 1238 804 pugnae
1280 751 1439 786 eventu

0 833 159 874 ¹29pr0
192 818 358 861 victore
395 835 439 861 se
478 820 620 876 gessit,
659 819 881 876 perculsos
919 818 1075 860 deinde
1114 818 1343 859 hostium²
1375 816 1442 857 fu-

77 890 152 939 dit,
188 890 412 948 fugientes,
461 892 580 948 quod
622 891 665 932 in
714 891 786 932 illo
830 891 988 931 ardore
1033 890 1166 932 animi
1209 890 1277 930 vix
1319 889 1439 931 credi

18 971 233 1017 3op0test‚
262 963 520 1019 prudentius
551 978 683 1020 quam
716 963 880 1005 avidius
906 970 1161 1020 persecutus
1188 969 1263 1004 est.
1323 963 1443 1004 Nam

75 1035 107 1075 si
136 1042 261 1091 parte
293 1035 504 1076 exercitus
535 1035 679 1078 adhuc
710 1037 755 1078 in
787 1036 878 1077 acie
909 1042 1064 1084 stante,
1095 1034 1255 1076 instare
1285 1034 1444 1076 ceden-

78 1106 194 1146 tibus
222 1115 561 1162 perseverasset,
601 1117 678 1150 aut
715 1108 841 1164 culpa
879 1107 989 1148 sua3
1031 1106 1172 1147 victus
1206 1114 1328 1156 esset,
1367 1113 1445 1147 aut

79 1177 216 1219 aliena
246 1178 405 1220 virtute
434 1180 617 1222 vicisset.
685 1182 780 1222 Iam
820 1179 852 1220 si
884 1177 1215 1219 multitudinem
1242 1178 1444 1236 equitum

79 1250 409 1292 occurrentium
441 1252 723 1299 extimuisset,
752 1250 907 1292 victori
939 1258 1013 1291 aut
1027 1250 1154 1291 foede
1170 1250 1442 1307 fugiendum,

16 1337 59 1365 31
79 1330 155 1363 aut
188 1322 492 1373 miserabiliter
529 1323 780 1365 cadendum
814 1323 910 1364 fuit.
979 1323 1047 1365 Ne
1090 1323 1222 1364 duces
1263 1323 1445 1381 quidem

81 1394 306 1450 copiarum
347 1410 420 1436 sua
461 1396 588 1437 laude
622 1395 857 1438 fraudandi
887 1402 1010 1444 sunt3
1060 1396 1223 1452 quippe
1250 1396 1443 1446 vulnera,

18 1481 190 1523 32quae
225 1467 405 1523 quisque
436 1469 616 1525 excepit,
633 1468 790 1511 indicia
804 1468 970 1509 virtutis
987 1475 1101 1512 sunt.
1163 1468 1446 1524 Hephaestio«

82 1539 145 1580 nis
178 1538 412 1581 brachium
449 1539 572 1582 hasta
613 1541 751 1584 ictum
792 1549 874 1582 est:
932 1540 1178 1588 Perdiccas,
1215 1543 1292 1581 et4
1332 1539 1446 1583 Coe-

25 1612 210 1658 33n08,⁵
246 1618 290 1652 et
323 1611 535 1663 Menidas,
573 1613 735 1671 sagittis
775 1627 916 1670 prope
957 1613 1103 1654 occisi.
1170 1613 1241 1663 Et,
1284 1613 1316 1654 s'i
1343 1628 1444 1654 vere

80 1683 309 1724 aestimare
348 1683 631 1734 Macedonas,
670 1685 744 1742 qui
780 1692 886 1726 tunc
928 1693 1064 1735 erant,
1093 1684 1309 1736 volumus,
1337 1684 1446 1727 fate-

80 1756 240 1805 bimur,
275 1762 320 1797 et
357 1770 505 1811 regem
543 1757 701 1799 talibus
731 1756 960 1807 ministris,
994 1765 1038 1798 et
1068 1757 1161 1798 illos
1188 1765 1313 1800 tanto
1343 1773 1445 1815 rege

79 1828 208 1870 fuisse
240 1827 526 1885 dignissimos,

85 1966 101 1988 1
127 1976 331 1999 summum.
519 1965 540 1992 2
568 1966 709 2002 hostes.
886 1966 907 1997 3
937 1979 1005 2002 sua
1027 1968 1152 2013 culpa.
1341 1969 1364 2001 4
1388 1981 1444 2004 ac.

171 2020 192 2047 5
219 2019 386 2052 Coenus.
