1703 2961
413 138 497 181 DE
528 135 740 180 GESTIS
767 136 933 179 ALEX.
966 138 1020 188 X,
1048 137 1117 179 30.
1361 137 1442 184 ³77

86 251 132 292 in
151 248 329 292 Cariam
349 247 607 297 Cassander,
624 247 870 289 Menander
888 248 932 289 in
942 247 1127 305 Lydiam
1146 248 1278 289 missi.
1311 247 1447 306 Phry-

0 344 2 376 l
88 322 204 378 giam
243 322 463 362 minorem
492 319 780 374 Hellesponto
810 318 1065 361 adiunctam
1095 319 1309 362 Leonnati
1345 335 1447 377 pro-

37 409 55 437 3
87 393 275 434 vinciam
296 407 386 435 esse
414 391 643 434 iusserunt.
696 388 980 446 Cappadocia
1009 389 1201 432 Eumeni
1240 407 1343 434 cum
1368 393 1447 434 Pa-

86 463 320 522 phlagonia
351 462 491 505 cessit.
556 462 848 517 Praeceptum
889 468 969 509 est,
1007 468 1057 503 ut
1094 462 1317 518 regionem
1347 478 1447 506 eam

0 511 2 584 l
87 551 226 594 usque
257 536 312 578 ad
334 537 608 591 Trapezunta
639 532 910 580 defenderet,
941 532 1106 574 bellum
1139 549 1243 576 cum
1273 534 1448 576 Ariara-

31 607 164 663 ⁴Jthe
192 613 373 664 gereret.
436 606 564 649 Solus
589 604 662 647 hic
694 605 969 647 detrectabat
989 605 1238 663 imperium.
1282 606 1448 649 Pithon
1483 652 1496 659 ,

87 680 297 731 Mediam,
328 676 615 736 Lysimachus
639 676 874 720 Thraciam
900 678 1207 736 appositasque
1230 678 1448 722 Thraciae

88 751 295 794 Ponticas
329 758 479 807 gentes
519 749 720 793 obtinere
758 749 872 792 iussi.
946 750 1035 807 Qui
1076 751 1246 802 Indiae,
1285 750 1447 810 quique

85 822 256 865 Bactris
299 830 344 864 et
376 822 603 881 Sogdianis
634 822 874 881 ceterisque
904 830 982 864 aut
1011 822 1183 866 Oceani
1213 830 1288 865 aut
1307 823 1448 865 Rubri

89 895 222 938 maris
253 894 412 938 accolis
437 900 681 951 praeerant,
714 895 872 952 quibus
898 895 1080 953 quisque
1098 894 1257 937 finibus
1273 895 1448 939 habuis-

89 974 168 1017 set,
199 966 368 1024 imperii
401 966 534 1007 etiam
562 966 626 1007 ius
643 967 906 1017 obtinerent,
925 972 937 993 ¹
975 968 1203 1010 decretum
1231 974 1319 1017 est;
1348 967 1450 1010 Per-

91 1039 215 1082 dicca
233 1046 282 1081 ut
299 1043 318 1065 ²
349 1053 450 1082 cum
482 1053 582 1094 rege
604 1046 724 1089 esset,
752 1040 975 1097 copiisque
995 1047 1226 1096 praeesset,
1254 1054 1365 1096 quae
1384 1053 1451 1080 re-

41 1128 59 1155 s
89 1126 187 1168 gem
225 1111 534 1168 sequebantur.
580 1109 821 1153 Credidere
851 1112 1030 1168 quidam
1061 1118 1327 1153 testamento
1353 1110 1453 1153 Ale-

87 1183 241 1225 xandri
274 1184 524 1225 distributas
552 1197 642 1223 esse
671 1182 941 1239 provincias;
973 1182 1047 1224 sed
1069 1182 1235 1224 famam
1261 1182 1354 1224 eius
1374 1182 1453 1234 rei,

89 1269 358 1312 quamquam
384 1254 438 1296 ab
461 1254 714 1296 auctoribus
737 1255 896 1297 tradita
915 1262 993 1306 est,
1011 1271 1167 1298 vanam
1184 1255 1313 1297 fuisse
1331 1270 1452 1298 com-

40 1337 64 1366 6
92 1327 300 1384 perimus.
359 1326 420 1368 Et
450 1326 630 1383 quidem
660 1341 758 1368 suas
785 1327 968 1384 quisque
998 1342 1115 1384 opes,
1149 1327 1294 1369 divisis
1317 1327 1454 1384 impe·

89 1399 142 1440 rii
171 1399 384 1456 partibus,
412 1398 672 1440 tuebantur:
709 1414 816 1456 quas
857 1398 935 1455 ipsi
973 1398 1279 1450 fundaverant,
1309 1398 1343 1442 si
1374 1414 1454 1441 un-

90 1486 225 1528 quam
253 1471 457 1513 adversus
484 1470 749 1513 immodicas
768 1471 1030 1527 cupiditates
1057 1471 1271 1514 terminus
1301 1478 1451 1514 staret.

39 1559 57 1586 ⁷
94 1542 270 1600 Quippe
299 1542 430 1598 paulo
460 1550 560 1584 ante
591 1542 700 1599 regis
729 1542 930 1593 ministri,
960 1543 1105 1600 specie
1126 1542 1299 1600 imperii
1325 1543 1454 1587 alieni

89 1614 359 1673 procurandi
395 1614 549 1672 singuli
584 1614 773 1671 ingentia
819 1615 1068 1656 invaserant
1101 1630 1246 1672 regna,
1274 1616 1456 1660 sublatis

92 1688 386 1729 certaminum
419 1686 570 1737 causis,
601 1701 705 1728 cum
735 1692 779 1728 et
809 1701 966 1730 omnes
993 1686 1192 1729 eiusdem
1223 1687 1364 1744 gentis
1392 1703 1457 1732 es-

90 1766 198 1811 sent,
228 1766 272 1801 et
301 1774 325 1800 a
357 1759 514 1801 ceteris
543 1757 608 1801 sui
637 1757 820 1815 quisque
852 1759 1024 1817 imperii
1050 1759 1230 1817 regione
1260 1759 1453 1804 discreti.

41 1845 59 1873 a
91 1831 181 1874 Sed
223 1829 400 1873 difficile
428 1836 524 1873 erat
552 1845 605 1872 eo
654 1837 888 1873 contentos
927 1846 1042 1882 esse,
1077 1831 1199 1888 quod
1235 1831 1457 1877 obtulerat

91 1903 291 1947 occasio:
327 1902 491 1961 quippe
531 1901 714 1944 sordent
737 1901 880 1957 prima
910 1917 1124 1961 quaeque,
1152 1918 1256 1945 cum
1283 1904 1455 1948 maiora

90 1981 335 2034 sperantur.
399 1977 552 2032 ltaque
589 1973 797 2016 omnibus
835 1974 1076 2032 expeditius
1115 1973 1348 2019 videbatur
1382 1992 1457 2020 au-

89 2064 191 2108 gere
216 2061 366 2105 regna,
393 2061 530 2105 quam
556 2045 710 2088 fuisset
737 2046 954 2104 accipere.

33 2161 59 2195 9
172 2142 398 2201 Septimus
423 2139 515 2183 dies
541 2146 648 2190 erat,
677 2155 728 2182 ex
755 2154 849 2199 quo
879 2155 1042 2200 corpus
1070 2143 1182 2200 regis
1210 2143 1382 2187 iacebat
1409 2141 1516 2188 {1131

89 2215 212 2266 solio,
240 2214 356 2257 curis
383 2211 584 2254 omnium
617 2211 673 2254 ad
711 2211 1001 2256 formandum
1029 2214 1260 2270 publicum
1291 2222 1457 2258 statum

32 2304 118 2332 zoa
146 2295 239 2330 tam
271 2283 473 2330 sollemni
509 2297 694 2325 munere
730 2284 899 2328 aversis.
981 2285 1042 2329 Et
1074 2301 1168 2328 non
1201 2286 1292 2330 aliis
1321 2302 1455 2345 quam

90 2356 440 2416 Mesopotamiae
465 2355 643 2413 regione
670 2355 882 2400 fervidior
910 2364 1054 2400 aestus
1082 2357 1235 2409 existit,
1269 2360 1381 2402 adeo
1409 2367 1459 2402 ut

90 2431 299 2488 pleraque
339 2427 562 2476 animalia,
599 2444 712 2486 quae
758 2429 803 2472 in
850 2430 973 2472 nudo
1009 2429 1104 2472 solo
1151 2430 1456 2488 deprehendit,

93 2502 332 2558 extinguat;
374 2506 523 2542 tantus
561 2505 626 2541 est
657 2515 794 2558 vapor
822 2501 924 2544 solis
954 2508 998 2543 et
1024 2502 1149 2553 coeli,
1180 2518 1268 2559 quo
1296 2510 1456 2545 cuncta

34 2574 213 2619 nvelut
237 2573 336 2630 igne
366 2578 606 2614 torrentur.
646 2570 812 2614 Fontes
839 2587 1053 2630 aquarum
1085 2579 1129 2615 et
1157 2574 1245 2616 rari
1275 2582 1388 2625 sunt,
1412 2581 1457 2616 et

89 2718 106 2742 ¹
135 2717 342 2752 obtineret.
545 2714 566 2741 2
588 2717 798 2753 Decretum
826 2722 883 2751 est
910 2723 953 2752 ut
975 2716 1173 2755 Perdicca.

1103 2764 1183 2804 Bb
