1703 2961
191 395 218 433 to

199 1410 205 1418 ·
238 1402 474 1438 venaretur
500 1393 544 1434 in
570 1393 709 1450 Syria.
739 1386 964 1433 occiderat
994 1392 1207 1448 quidem³
1239 1393 1419 1435 eximiae
1435 1396 1600 1452 magni-

255 133 337 174 250
719 127 776 183 Q.
807 127 1012 172 CURTH
1042 130 1180 174 Rom

258 243 501 300 opperiens,
539 240 690 282 stativa
734 240 909 282 habuit:
947 242 1105 300 quibus
1137 242 1364 297 adiunctis,
1396 244 1440 287 in
1469 246 1607 303 regio-
1693 254 1697 270 ¹

259 332 374 362 neni,
404 329 516 370 quae
561 311 804 368 appellatur
827 313 1050 362 Bazaira‚¹
1087 316 1298 370 pervenit.

342 387 564 428 Barbarae
603 384 850 441 opulentiae
881 385 926 426 in
970 386 1047 426 illis
1088 386 1192 427 locis
1222 387 1341 429 haud
1383 389 1466 431 ulla
1509 373 1697 435 suntxti

251 460 420 501 maiora
468 457 640 506 indicia,
683 471 817 513 quam
856 458 1023 514 magnis
1059 459 1312 500 nemoribus
1340 460 1604 518 saltibusque
1693 438 1696 454 1

250 532 468 573 nobilium
512 530 715 582 ferarum,
736 543 882 584 greges
920 529 1074 571 clusi.²
1156 531 1377 586 Spatiosas
1422 533 1476 573 ad
1513 533 1599 575 hoc
1619 511 1696 576 12¹

251 604 418 659 eligunt
458 601 606 651 silvas,
651 600 814 642 crebris
849 601 1110 657 perennium
1151 617 1363 659 aquarum
1410 604 1605 647 fontibus
1693 586 1696 600 l

250 689 481 723 amoenas3
514 673 649 713 muris
685 687 868 714 nemora
906 673 1149 729 cinguntur,
1180 681 1407 732 turresque
1439 676 1604 718 habent

248 746 504 788 venantium
535 744 824 800 receptacula.
883 746 1108 800 Quattuor
1139 746 1356 788 continuis
1388 749 1601 790 aetatibus
1620 765 1664 793 13
1692 760 1696 787 ε

247 820 464 861 intactum
505 817 662 859 saltum
699 816 830 857 fuisse
877 817 1129 864 constabat3
1182 833 1313 876 quem
1361 820 1604 862 Alexander

249 907 352 933 cum
392 898 488 932 toto
537 889 728 931 exercitu
771 888 1006 944 ingressus,
1053 889 1203 944 agitari
1251 890 1443 948 undique
1489 892 1602 934 feras

247 963 382 1008 iussit.
446 964 565 1004 Inter
602 975 708 1017 quas
738 974 840 1001 cum
872 959 938 1000 leo
967 960 1278 1015 magnitudinis
1308 977 1432 1004 rarae
1462 963 1603 1020 ipsum
1622 982 1667 1008 14

245 1050 395 1092 regem
444 1035 668 1076 invasurus
714 1031 982 1081 incurreret,
1029 1032 1144 1072 torte
1189 1033 1486 1089 Lysimachus,
1527 1036 1601 1093 qui

245 1116 400 1165 postea
440 1105 646 1163 regnavit,
686 1104 912 1161 proximus
938 1104 1199 1154 Alexandro,
1231 1107 1495 1149 venabulum
1526 1108 1601 1149 ob-

243 1181 374 1222 iicere
404 1178 522 1220 ferae
553 1185 774 1233 coeperat.
855 1176 956 1231 Quo
993 1190 1067 1217 rex
1097 1177 1268 1234 repulso
1300 1186 1344 1220 et
1372 1178 1491 1220 abire
1518 1179 1601 1220 ius-

241 1268 304 1302 so,
337 1251 507 1296 adiecit.
537 1257 629 1290 tam
659 1263 681 1289 a
713 1255 853 1290 semet
882 1263 971 1289 uno
1001 1264 1133 1305 quam
1165 1265 1188 1290 a
1219 1250 1482 1307 Lysimacho
1512 1250 1599 1293 leo-

240 1340 346 1365 nem
376 1320 561 1364 interfici
590 1336 727 1377 posse.
776 1319 1059 1376 Lysimachus
1089 1323 1205 1363 enim
1234 1323 1461 1381 quondam
1492 1337 1654 1367 cumis

1688 1435 1691 1448 .

238 1467 403 1509 tudinis
430 1466 573 1507 feram
602 1464 731 1511 solus,
771 1464 848 1504 sed
878 1462 1000 1504 laevo
1032 1461 1221 1505 humero
1249 1480 1386 1522 usque
1417 1467 1472 1507 ad
1504 1482 1598 1508 ossa
1687 1452 1692 1515 l

236 1540 455 1582 laceratus
487 1537 541 1579 ad
573 1536 778 1577 ultimum
814 1534 996 1592 periculi
1039 1544 1313 1590 pervenerat.
1374 1538 1423 1579 Id
1453 1538 1596 1596 ipsum
1615 1549 1662 1580 16

236 1611 507 1668 exprobrans
545 1608 582 1650 ei
617 1623 713 1655 rex,
753 1606 924 1653 fortius,
955 1621 1089 1662 quam
1130 1606 1305 1648 locutus
1347 1616 1431 1659 est,
1474 1609 1593 1651 fecit.
1686 1633 1690 1661 1

232 1686 350 1728 Nam
381 1681 522 1724 feram
551 1696 643 1721 non
675 1678 844 1734 excepit
870 1677 1022 1728 modo,
1049 1678 1125 1719 sed
1153 1669 1285 1721 etiam
1306 1694 1395 1720 uno
1417 1679 1592 1722 vulnere

234 1755 410 1797 occidit.
475 1752 701 1800 Fabulam,
729 1765 841 1807 quae
883 1749 1109 1790 obiectum
1136 1750 1254 1791 leoni
1285 1765 1308 1791 a
1349 1766 1449 1807 rege
1478 1733 1656 1809 Ialysi-17
1685 1727 1690 1809 l

233 1827 447 1871 maehum
475 1833 640 1866 temere
669 1821 867 1878 vulgavit,
899 1821 954 1862 ab
987 1837 1039 1862 eo
1073 1837 1187 1871 casu,
1215 1837 1346 1878 quem
1373 1837 1502 1879 supra
1531 1823 1594 1864 di-

233 1901 389 1947 ximus,
430 1905 573 1939 ortam
612 1911 701 1937 esse
734 1894 1009 1936 crediderim.
1071 1893 1282 1935 Ceterum
1312 1894 1591 1946 Macedones,
1611 1913 1655 1941 18
1685 1895 1688 1905 '

234 1985 506 2030 quamquam
536 1982 748 2026 prospero
770 1973 927 2007 eventu
957 1965 1190 2008 defunctus
1222 1973 1315 2007 erat
1336 1966 1590 2018 Alexander,
1684 1965 1687 1978 ⁴

231 2053 386 2087 tamen
430 2043 591 2084 scivere
620 2039 756 2097 gentis
786 2053 888 2079 suae
920 2053 1060 2088 more,
1093 2054 1147 2079 ne
1178 2038 1311 2094 pedes
1341 2046 1587 2089 venaretur,
1624 2027 1632 2033 ⁶

237 2124 314 2157 aut
353 2115 445 2157 sine
483 2113 660 2154 delectis
692 2110 944 2169 principum
984 2118 1114 2167 atque
1145 2111 1444 2153 axnicorum.⁴
1501 2111 1652 2161 llle‚19
1683 2146 1686 2160 ς

232 2201 275 2230 lv
305 2187 478 2229 milibus
509 2185 703 2227 ferarum
735 2182 927 2230 deiectis,
957 2182 1002 2223 in
1034 2182 1193 2224 eodem
1223 2182 1332 2224 saltu
1362 2197 1464 2224 cum
1493 2189 1590 2223 toto

233 2259 425 2304 exercitu
458 2257 656 2316 epulatus
686 2262 760 2297 est.

313 2359 420 2401 Inde
457 2356 727 2401 Maracanda
763 2355 956 2397 reditum
997 2362 1078 2397 est:
1124 2361 1391 2411 acceptaque
1437 2354 1590 2396 aetatis

234 2431 510 2475 excusatione
560 2429 615 2471 ab
659 2427 902 2478 Artabazo,
945 2427 1218 2484 provinciam
1265 2427 1355 2468 eius
1402 2426 1590 2468 destinat

233 2633 252 2660 1
277 2631 444 2667 Bazaria.
602 2628 622 2654 2
656 2627 787 2662 clausi.
928 2627 948 2658 3
978 2627 1099 2662 abest.
1237 2628 1260 2659 4
1283 2626 1587 2671 amicorumque.
