1703 2961
536 123 1008 172 PRAEFATIO.
1323 139 1464 172 xxvrr

100 255 219 300 lium
239 249 411 317 furor,
446 249 530 312 qui
561 258 673 294 tunc
705 245 867 294 orbem
898 244 1293 311 pervagabatur,
1322 247 1456 294 intra

99 321 333 366 coloniam
374 332 529 363 meam
567 330 640 360 me
678 314 920 361 continuit.
1008 314 1237 375 Alioquin
1284 314 1336 359 in
1374 314 1458 358 illo

99 386 302 440 atriolo,
346 384 397 428 in
438 396 530 442 quo
559 379 677 425 duos
711 379 925 443 grandes
955 389 1285 440 praetextatos
1324 377 1459 438 (Hir-

98 453 225 496 tium
255 461 303 494 et
326 449 539 494 Pansam
575 444 846 504 Consules>
882 444 954 490 ait
995 458 1151 489 secum
1193 443 1460 490 declamare

98 517 283 571 solitos,
312 513 448 575 potui
482 510 602 555 illud
638 511 909 574 ingenium,
952 508 1080 570 quod
1121 509 1275 555 solum
1304 525 1460 571 popu-

101 583 173 627 lus
220 582 358 625 Rom.
397 593 493 639 par
546 575 749 636 imperio
793 589 881 620 suo
922 572 1112 631 hahuit,
1166 589 1460 638 cognoscere.

100 643 406 705 Quindecim
440 656 602 686 annos
641 652 748 685 tum
779 651 956 685 natum
999 638 1153 685 fuisse
1187 655 1457 700 ponamus,

99 713 171 756 sic
205 709 408 754 adiectis
457 705 788 768 quadraginta
831 706 1000 762 anniS,
1046 707 1132 766 qui
1179 706 1311 751 inter
1341 706 1457 750 illos

98 774 346 823 Consules
386 784 435 818 et
471 787 662 817 annum
701 770 810 818 751.
855 771 1129 826 intersunt,
1172 785 1459 827 numerum,

97 856 252 900 quem
291 853 445 900 supra
496 838 650 898 posui
704 834 1020 881 habebimus.
1107 835 1305 896 Quodsi
1361 836 1462 881 tale

100 906 372 951 discrimen
403 904 579 948 aetatis
613 904 746 948 inter
777 902 892 946 illos
921 900 1149 946 rhetores
1179 900 1320 962 apud
1339 902 1461 947 Sue-

100 972 298 1016 tonium
343 980 582 1030 putamus
637 965 947 1023 interfuisse,
1006 977 1062 1011 ut
1100 966 1226 1011 alter
1267 968 1461 1013 iuvenis

101 1036 315 1081 alterum
343 1036 505 1079 virum
541 1044 592 1077 et
626 1047 802 1077 senem
842 1030 1041 1088 viderit,
1090 1032 1320 1077 Curtium
1352 1048 1463 1077 non

99 1101 261 1147 multo
296 1111 417 1161 post
446 1098 704 1144 Christum
737 1108 935 1154 natum,
964 1097 1068 1154 vel,
1099 1108 1155 1142 ut
1186 1099 1369 1143 certius
1391 1097 1463 1143 di-

102 1182 235 1222 cam,
271 1167 387 1226 ipso
425 1164 513 1209 illo
552 1175 809 1223 tempore,
853 1177 956 1223 quo
1000 1178 1135 1207 nova
1167 1162 1256 1208 lux
1288 1165 1462 1225 generi

99 1232 326 1277 humano
371 1241 480 1274 orta
520 1241 619 1286 est,
660 1230 897 1274 iuvenem
951 1229 1154 1289 triginta
1208 1226 1368 1273 ferme
1413 1240 1465 1274 et

97 1297 260 1360 paulo
305 1295 523 1355 amplius
554 1308 807 1339 annorum
841 1294 1104 1354 scripsisse
1140 1292 1465 1340 statuendum

102 1364 208 1408 erit.
286 1361 460 1407 Nolim
499 1361 636 1405 enim
670 1370 793 1420 post
831 1358 1028 1404 obitum
1074 1358 1188 1404 Gaii
1234 1370 1284 1407 et
1314 1360 1463 1405 Lucii

103 1424 375 1475 Caesarum
409 1423 473 1485 (a.
502 1426 612 1472 755.
650 1424 784 1482 uc.)
817 1435 1099 1485 propterea
1133 1423 1271 1485 quod
1312 1424 1465 1470 Tibe-

102 1496 204 1538 rius
231 1493 393 1548 Nero,
426 1490 488 1535 ab
514 1493 740 1551 Augusto
777 1490 1063 1550 adoptatus,
1097 1490 1172 1534 vir
1204 1488 1341 1534 domi
1374 1492 1466 1536 mi-

102 1559 344 1617 litiaeque
391 1556 578 1612 clarus,
628 1553 827 1599 videtur
877 1554 1161 1599 accuratius
1208 1555 1462 1615 appellari

104 1622 360 1677 debuisse,
401 1635 554 1680 quam
606 1631 785 1664 auctor
819 1633 923 1663 uno
970 1617 1125 1663 verbo
1166 1621 1464 1680 posteritatis

104 1687 240 1733 fecit:
274 1686 496 1746 Excipiet
532 1682 673 1727 huius
713 1683 856 1727 seculi
900 1693 1119 1745 tempora
1152 1684 1360 1730 eiusdem
1382 1686 1464 1731 clo-

103 1767 234 1807 mus,
270 1752 457 1796 utinam
484 1758 741 1810 perpetua,
775 1757 896 1792 certe
928 1748 1162 1793 diuturna
1191 1751 1461 1808 posteritas.

103 1819 264 1863 Immo
315 1815 444 1861 nihil
481 1813 719 1874 impedit,
780 1814 1054 1873 quominus
1111 1816 1341 1860 Curtium
1385 1816 1467 1862 vel

107 1894 222 1928 ante
266 1881 498 1927 Latronis
542 1891 761 1925 mortem
804 1878 1069 1924 historiam
1100 1882 1466 1941 conscripsisse

88 1960 372 2010 putemus,
426 1956 483 1991 ut
523 1959 714 2006 pueros
767 1946 1030 2002 Caesares,
1078 1960 1144 1990 ne
1193 1947 1234 1991 si
1272 1946 1467 1993 adulari

108 2012 316 2074 quidem
342 2010 518 2067 vellet,
555 2010 700 2055 aliter
734 2009 999 2070 appellare
1034 2011 1305 2070 potuisset.

238 2078 373 2124 Num
419 2087 588 2120 autem
629 2074 715 2120 hic
751 2076 814 2135 Q.
861 2076 1061 2120 Curtius
1095 2075 1259 2121 Rufus
1292 2076 1469 2123 rhetor

107 2155 156 2189 et
188 2142 457 2188 historicus
493 2139 628 2186 idem
661 2139 827 2196 fuerit,
862 2154 1016 2200 quem
1051 2141 1258 2187 Tacitus
1279 2143 1464 2190 Annal-

105 2209 236 2255 libro
281 2207 372 2263 XI,
410 2210 470 2251 20
504 2221 612 2266 sqq.
655 2204 930 2250 admodum
971 2220 1146 2251 senem
1189 2208 1467 2253 Consulem

105 2274 310 2330 sactum,
344 2284 394 2317 et
427 2287 561 2317 anno
591 2274 699 2317 800.
725 2272 777 2315 in
810 2269 1083 2316 Germania
1113 2272 1359 2333 triumphi
1390 2275 1465 2318 in-

92 2341 265 2402 signia
292 2338 558 2393 meruisse,
586 2348 851 2397 postremo
895 2337 950 2381 in
975 2335 1147 2382 Africa
1179 2339 1465 2383 Proconsm

106 2406 206 2450 lem
253 2403 419 2449 obisse
464 2401 690 2458 tradidit,
732 2416 886 2461 quam
928 2404 1232 2447 sententiam
1282 2405 1467 2450 acriter

96 2470 399 2529 nuperrime
441 2468 630 2513 Hirtius
671 2465 922 2523 defendit,
961 2467 1199 2527 equidem
1240 2484 1348 2513 non
1393 2469 1467 2514 di-

106 2534 293 2579 iudico.
362 2533 420 2577 ln
448 2543 624 2578 aetate
666 2531 797 2576 nihil
846 2547 1158 2594 magnopere
1209 2546 1285 2581 est
1327 2533 1466 2594 quod

107 2599 296 2656 obstet,
329 2613 448 2644 nam
487 2599 573 2659 qui
622 2596 822 2643 Christo
857 2609 1101 2644 nascente
1145 2600 1345 2660 triginta
1379 2615 1466 2644 an-
