1703 2961
216 198 300 243 378
670 188 727 246 Q.
757 187 962 232 curem
989 183 1129 228 Rom

218 306 508 352 incolentium
541 302 697 346 fraude
727 300 945 350 celantur3
976 295 1077 355 ipsis
1106 309 1208 338 usus
1247 298 1383 351 patet,
1410 293 1584 350 ignotus

218 389 285 423 est
309 378 500 422 advenis.
538 377 600 418 Ut
627 375 809 418 tandem
831 385 984 415 curare
1016 382 1176 425 corpus
1208 365 1458 408 exanimum
1481 363 1644 406 ami-12
1676 383 1703 403 η

221 454 281 497 cis
312 450 496 497 vacavit,
522 449 638 490 nulla
669 447 786 494 tabe,
818 460 874 486 ne
904 441 1089 484 minimo
1120 439 1300 497 quidem
1328 438 1462 479 livore
1490 451 1585 480 cor·

221 532 403 582 ruptum
432 521 578 563 videre
597 519 671 578 qui
705 520 988 560 intraverant·
1017 506 1158 569 Vigor
1180 524 1370 569 quoque,
1391 509 1464 566 qui
1484 523 1586 551 con·

220 606 308 640 stat
335 612 386 638 ex
415 593 581 651 spiritu,
599 606 692 634 non
714 590 972 633 destituerat
999 584 1182 626 vultum.
1217 583 1369 639 ltaque
1387 578 1646 638 Aegyptii13

222 666 537 724 Chaldaeique,
558 662 658 706 iussi
678 677 841 720 corpus
866 675 946 703 suo
969 671 1096 701 more
1126 669 1295 703 curare,
1326 653 1474 712 primo
1496 666 1587 693 non

222 747 326 785 sunt
356 738 447 782 ausi
478 738 715 780 admovere
741 733 860 776 velut
887 729 1068 790 spiranti
1098 742 1275 770 manus:
1307 724 1464 767 deinde
1492 738 1590 781 pre-

225 814 326 865 cati,
344 819 394 854 ut
413 811 478 853 ius
504 809 656 867 fasque
678 813 790 850 esset
808 803 1072 848 mortalibus
1092 806 1327 844 attrectare
1347 812 1465 844 eum,
1483 810 1590 853 pur-

223 899 379 945 gavere
409 898 591 941 corpus3
629 880 936 938 repletumque
976 882 1042 918 est
1076 872 1289 916 odoribus
1317 884 1501 912 aureum
1521 883 1589 912 so-

223 959 349 1010 lium,
380 964 425 999 et
456 954 587 1013 capiti
621 953 791 995 adiecta
826 949 1032 992 fortunae
1073 945 1164 989 eius
1191 943 1387 1001 insignia.
1450 942 1646 986 Vene-xa

223 1047 284 1074 no
315 1035 525 1072 necatum
557 1042 646 1069 esse
688 1023 916 1068 credidere
943 1020 1160 1078 pleriqueg
1189 1017 1328 1059 filium
1370 1013 1588 1072 Antipatri

223 1105 339 1146 inter
368 1101 605 1149 ministros,
642 1097 802 1140 Iollam
844 1094 1039 1141 nomine,
1081 1090 1219 1150 patris
1248 1088 1366 1130 iussu
1407 1087 1587 1129 dedisse.

226 1177 369 1234 Saepe
401 1180 520 1216 certe
549 1160 698 1214 audita
729 1173 824 1209 erat
849 1181 934 1208 vox
954 1163 1201 1214 Alexandri,
1220 1161 1504 1217 Antipatrum
1525 1171 1592 1200 re*

225 1250 344 1305 gium
367 1246 577 1289 affectare
595 1239 1145 1297 fastigium‚maioremque
1165 1250 1254 1277 esse
1268 1231 1479 1291 praefecti
1500 1229 1592 1286 opi-

225 1322 320 1370 bus,
349 1334 401 1362 ac
432 1317 561 1360 titulo
593 1315 837 1372 Spartanae
865 1308 1073 1352 victoriae
1095 1307 1310 1355 inflatum,
1333 1303 1480 1347 omnia
1501 1318 1523 1344 a
1547 1317 1591 1344 se

227 1396 328 1435 data
350 1397 618 1434 asserentem
641 1385 735 1428 sibi.
777 1381 1034 1426 Credebant
1059 1378 1208 1427 etiam,
1231 1376 1467 1420 Craterum
1487 1387 1590 1416 cum
1606 1385 1648 1412 15

225 1475 427 1507 veterum
453 1462 645 1505 militum
675 1471 813 1500 manu
833 1454 888 1497 ad
906 1450 1262 1495 interficiendum
1282 1463 1384 1490 eum
1402 1445 1595 1488 missum.

225 1538 332 1579 Vim
361 1543 514 1579 autem
541 1530 710 1581 veneni,
737 1527 859 1587 quod
887 1525 932 1567 in
950 1522 1215 1567 Macedonia
1236 1521 1437 1579 gignitur,
1458 1518 1590 1561 talem
1611 1523 1656 1556 16

229 1605 320 1653 esse
341 1613 528 1658 constat,
550 1612 601 1648 ut
617 1603 787 1646 ferrum
806 1612 983 1658 quoque
997 1602 1160 1646 exurat,
1183 1593 1394 1652 ungulam
1410 1588 1594 1634 iumenti

230 1685 461 1726 dumtaxat
478 1678 724 1739 patientem
745 1687 836 1715 esse
855 1668 990 1714 succi.
1010 1673 1025 1696 ¹
1062 1668 1242 1727 Stygem
1264 1663 1486 1724 appellant
1503 1660 1598 1704 fon-
1611 1678 1627 1701 ι
1640 1677 1655 1703 ⁷

229 1763 336 1806 tem,
367 1770 418 1797 ex
446 1768 535 1811 quo
554 1748 814 1809 pestiferum
829 1744 947 1787 virus
967 1748 1157 1784 emanat.
1196 1740 1295 1781 Hoc
1314 1750 1394 1795 per
1415 1733 1598 1777 Cassan-

231 1830 364 1872 drum
386 1825 578 1874 allatum,
597 1820 900 1876 traditumque
916 1813 1040 1856 fratri
1066 1812 1216 1859 Iollae,
1236 1817 1280 1853 et
1302 1809 1356 1851 ab
1376 1822 1430 1850 eo
1449 1819 1598 1864 supre-

230 1916 332 1944 mae
357 1898 470 1956 regis
488 1894 661 1955 potioni
688 1892 895 1936 inditum.
933 1889 1067 1937 Haec,
1087 1891 1314 1942 utcunque
1335 1887 1439 1924 sunt
1461 1877 1598 1923 credi·
1613 1893 1657 1923 ιε

228 1976 322 2023 ta,²
358 1986 528 2022 eorum,
558 1982 668 2027 quos
695 1977 854 2008 rumor
884 1964 1142 2019 asperserat,
1171 1971 1276 1999 mox
1302 1951 1501 2012 potentia
1532 1964 1600 1993 ex-

228 2046 371 2091 tinxit.
389 2045 595 2102 Regnum
614 2039 732 2083 enim
745 2032 1036 2080 Macedoniae
1049 2030 1284 2088 Antipater
1301 2034 1346 2069 et
1362 2023 1598 2068 Graeciam

230 2134 410 2178 quoque
435 2116 606 2160 invasit:
625 2110 801 2156 soboles
821 2107 979 2150 deinde
999 2103 1186 2162 excepit,
1200 2098 1443 2144 interfectis
1463 2094 1601 2139 omni·
1615 2115 1660 2146 19

231 2192 336 2242 bus,
376 2189 631 2248 quicunque
668 2182 968 2228 Alexandrum
1008 2178 1144 2220 etiam
1175 2173 1413 2233 longinqua
1443 2184 1599 2227 cogna-

232 2266 356 2307 tione
383 2261 673 2318 contigerant.
726 2256 940 2299 Ceterum
973 2265 1133 2307 corpus
1156 2249 1253 2292 eius
1281 2263 1305 2289 a
1331 2244 1597 2292 Ptolemaeo,
1615 2261 1662 2288 20

233 2338 306 2380 cui
333 2338 558 2393 Aegyptus
586 2337 787 2379 cesserat,
819 2325 1085 2384 Memphim,
1115 2329 1161 2366 et
1192 2321 1294 2364 inde
1322 2316 1473 2377 paucis
1500 2320 1603 2372 post

233 2410 360 2454 annis
394 2404 705 2451 Alexandriam
742 2400 1002 2444 translatum
1043 2402 1127 2448 est,
1168 2393 1399 2451 omnisque
1434 2401 1603 2431 memo·

233 2485 326 2526 riae
356 2498 407 2524 ac
439 2478 610 2522 nomini
638 2476 785 2520 honos
811 2473 1015 2516 habetur.

237 2591 255 2616 ¹
285 2587 455 2635 ungulae
479 2584 642 2620 iumenti
669 2584 864 2618 dumtaxat
888 2578 1053 2626 patiens.
1267 2569 1290 2598 2
1313 2569 1467 2605 tradita.

1376 2751 1388 2754 Α
1397 2744 1602 2754 «ψ--η-ι--σ

1050 2753 1215 2762 ..d-u..-

243 2770 427 2778 ——-
574 2765 705 2771 -.ψη-η.

438 2769 593 2830 ἧῐρῐ,
634 2778 838 2816 loannis
875 2772 1132 2810 >ruderici
1165 2766 1404 2803 starckii.
