1703 2961
405 180 486 221 DF,
522 178 732 223 GEsTls
763 181 932 225 ALEX.
961 182 1009 232 V,
1043 183 1079 223 5.
1361 188 1437 229 115

77 297 173 331 tum
203 296 280 338 est,
307 291 477 347 patiens
508 299 663 342 terrae,
713 307 847 349 quam
880 293 1012 334 altam
1044 294 1257 344 iniieiunt,
1285 291 1329 339 et
1358 297 1436 339 hu-

72 362 220 411 moris,
254 379 342 420 quo
379 364 519 420 rigant
555 370 711 405 terras:
739 364 939 422 adeoque
969 365 1128 408 validas
1160 367 1337 410 arbores
1365 386 1433 411 su-

70 433 233 475 stinent
268 435 424 484 moles,
463 443 512 477 ut
546 435 710 492 stipites
750 450 902 477 earum
941 448 1014 478 vm
1055 429 1305 480 cubitorum
1337 456 1431 497 spa-

70 496 178 547 tium
226 507 509 548 crassitudine
546 513 754 563 aequent,
796 507 839 548 in
882 521 903 548 L
940 509 1106 565 pedum
1149 510 1427 552 altitudinem

64 577 305 619 emineant:
332 578 562 635 frugiferae
593 594 731 634 aeque
760 587 873 629 sunt,
895 583 907 604 ¹
942 587 991 622 ut
1023 581 1055 622 si
1094 588 1210 623 terra
1238 597 1313 623 sua
1344 584 1427 625 ale-

8 655 222 693 urentur.
279 651 339 691 Et
379 665 481 693 cum
517 656 708 692 vetustas
740 643 834 691 non
863 666 997 707 opera
1022 651 1166 694 solum
1197 669 1333 695 manu
1364 655 1426 695 fa-

63 729 144 771 cta,
175 721 415 764 sed‘etiam
444 722 584 778 ipsam
613 729 819 763 naturam
839 721 1052 778 paulatim
1075 725 1300 768 exedendo
1328 724 1442 784 pcr-'

60 793 189 835 imat:
225 793 335 836 haec
373 794 534 841 moles,
574 809 686 851 quae
723 800 791 834 tot
819 794 1030 836 arborum
1065 796 1288 839 radicibus
1325 813 1423 854 pre-

29 854 33 870 ⁷
56 865 204 916 mitur,
235 866 434 924 tantique
460 865 653 907 nemoris
679 865 876 922 pondere
905 873 1084 908 onerata
1108 876 1183 918 est,
1215 870 1418 912 inviolata

58 937 208 986 durat;
245 939 407 995 quippe
443 951 496 979 xx
527 932 600 978 lati
631 938 819 994 parietes
857 937 1082 988 sustinent,
1109 940 1316 982 undecim
1346 959 1418 999 pe-

56 1009 162 1050 dum
196 1009 419 1051 intervallo
459 1009 690 1058 distantes,
728 1017 776 1051 ut
816 1011 971 1066 procul
1010 1010 1249 1053 visentibus
1287 1013 1418 1056 silvae

21 1081 279 1124 smontibus
330 1080 416 1123 suis
460 1079 691 1121 imminere
730 1081 974 1123 videantur.
1063 1075 1215 1140 Syriae
1253 1099 1414 1141 regem,

49 1153 274 1210 Babylone
303 1157 572 1210 regnantem,
608 1149 697 1194 hoc
738 1167 848 1209 opus
888 1169 978 1194 esse
1009 1153 1217 1196 molitum
1246 1171 1416 1198 memo-

48 1225 137 1266 riae
165 1214 393 1282 proditum
434 1230 509 1274 est,
544 1237 695 1264 amore
736 1224 930 1283 coniugis
954 1225 1133 1277 victum,
1167 1243 1279 1284 quae
1307 1229 1415 1271 desi-

49 1294 169 1344 derio
218 1312 455 1339 nemorum
502 1296 797 1352 silvarumque
837 1296 882 1338 in
939 1299 1258 1355 campestribus
1304 1301 1412 1344 locis

45 1367 189 1409 virum
238 1368 456 1425 compulit
500 1367 820 1411 amoenitatem
870 1376 1054 1412 naturae
1087 1386 1246 1428 genere
1281 1372 1412 1426 huius

44 1439 188 1497 operis
211 1439 382 1481 imitari.
1398 1454 1400 1456 ’

11 1513 34 1551 6
122 1511 297 1553 Diutius
341 1512 385 1553 in
423 1512 506 1554 hac
542 1513 652 1554 urbe
691 1528 826 1570 quam
864 1529 1050 1571 usquam
1087 1515 1282 1558 constitit
1310 1532 1407 1559 rex:
1443 1521 1469 1562 6

41 1599 123 1625 nec
157 1582 242 1624 alio
279 1583 412 1626 Ῑοςο2
458 1585 707 1641 disciplinae
737 1585 912 1626 militari
938 1586 1075 1642 magis
1104 1588 1279 1646 nocuit..
1329 1591 1407 1632 Ni-

41 1654 104 1696 hil
145 1654 264 1695 urbis
307 1655 397 1695 eius
436 1656 684 1712 corruptius
715 1657 927 1704 moribus,
977 1673 1059 1700 nec
1086 1658 1142 1700 ad
1171 1660 1404 1704 irritandas

45 1724 365 1782 illiciendasque
396 1726 656 1769 immodicas
688 1728 980 1785 cupiditates³
1010 1731 1274 1775 instructius.
1337 1734 1406 1776 Li-

40 1799 169 1841 beros
199 1797 490 1856 coniugesque
519 1814 621 1841 cum
651 1800 900 1858 hospitibus
917 1809 1070 1858 stupro
1103 1803 1233 1854 coire,
1267 1806 1404 1865 modo

40 1871 230 1928 pretium
267 1868 415 1927 fiagitii
457 1871 605 1922 detur,
641 1880 845 1928 parentes
884 1873 1118 1930 maritique
1159 1876 1402 1932 patiuntur.

41 1937 297 1986 Convivales
343 1941 433 1983 ludi
485 1948 580 1983 tota
624 1943 801 1986 Perside
849 1945 1023 2001 regibus
1062 1951 1402 2008 purpuratisque

40 2006 164 2058 cordi
192 2014 306 2061 sunt,
334 2012 565 2070 Babylonii
594 2010 783 2058 maxime
812 2016 857 2059 in
883 2017 1049 2068 vinum,
1068 2025 1112 2060 et
1130 2034 1241 2076 quae
1264 2021 1401 2064 ebrie-

37 2088 172 2130 tatem
211 2091 474 2143 sequuntur,
521 2086 647 2129 effusi
689 2095 802 2131 sunt.
869 2088 1156 2132 Feminarum
1200 2091 1399 2138 convivia

37 2157 281 2200 ineuntium
331 2156 376 2198 in
423 2158 641 2217 principio
684 2161 909 2202 modestus
952 2169 1017 2203 est
1058 2161 1255 2215 habitus,
1297 2165 1400 2209 dein

36 2245 205 2272 summa
240 2240 438 2287 quaeque
482 2231 667 2274 amicula
709 2240 892 2284 exuunt,
928 2233 1228 2292 paulatimque
1258 2237 1400 2293 pudo-

35 2317 130 2343 rem
166 2302 423 2359 profanant,
463 2303 518 2345 ad
559 2304 764 2345 ultimum
795 2305 960 2356 (honos
987 2306 1160 2361 auribus
1185 2306 1397 2351 habitus4

34 2374 107 2424 sit)
147 2373 232 2415 ima
270 2389 509 2430 corporum
551 2376 795 2418 'velamenta
824 2374 1073 2432 proiiciunt.
1132 2367 1227 2421 'Nec
1257 2396 1398 2422 mere-

38 2445 199 2488 tricum
236 2445 322 2488 hoc
360 2447 549 2490 dedecus
583 2456 664 2500 est,
705 2449 781 2491 sed
817 2457 1124 2492 matronarum
1160 2451 1395 2508 virginum-

0 2580 7 2663 l
38 2619 55 2645 1
82 2626 118 2654 et
142 2619 345 2666 frugiferae
371 2623 457 2663 sint,
482 2624 566 2659 sine
599 2637 685 2658 voce
713 2636 845 2672 aeque.
1097 2626 1117 2653 ²
1144 2629 1244 2663 uuus
1268 2630 1390 2665 locus.

0 2667 15 2763 μιν
121 2673 140 2704 3
167 2674 394 2722 voluptates.
596 2681 619 2712 4
643 2679 765 2713 abest.

0 2745 15 2800 ¹}
1024 2743 1123 2783 H2

0 2822 18 2961 l.
