1703 2961
362 221 445 264 DE
484 219 697 265 GESTIS
729 217 898 262 ALEX.
930 218 985 266 V,
1016 219 1084 260 35.
1340 217 1417 264 147

4 354 22 381 7
53 335 179 378 reum
208 333 364 376 Bessus
393 327 801 390 comprehenderat.
861 330 926 373 lbi
950 329 1103 372 Melon
1127 331 1261 373 Darei
1288 332 1416 391 inter-

52 422 150 465 pres
188 406 408 461 excipitur.
476 404 678 462 Corpore
721 418 848 460 aeger
883 417 975 445 non
1014 409 1223 459 potuerat
1259 419 1414 461 agmen

52 478 259 535 assequi,¹
295 485 336 519 et
372 476 666 534 deprehensus
705 476 925 519 celeritate
970 474 1101 529 regis,
1142 478 1413 536 transfugam

1 567 20 595 Β
52 567 95 594 se
126 566 215 592 esse
247 549 491 591 simulabat.
556 551 620 590 Ex
659 548 745 591 hoc
775 555 870 590 acta
903 547 1142 604 cognoscit.
1201 549 1287 591 Sed
1318 551 1415 593 fati-

0 999 18 1032 ⁹

49 623 156 681 gatis
193 612 435 664 necessaria
475 619 596 678 quies
636 628 741 662 erat.
811 621 962 676 Itaque
1001 618 1178 662 delectis
1213 624 1413 679 equitum

50 711 121 738 sex
154 695 342 744 milibus,
383 700 616 742 trecentos,
657 707 766 749 quos
803 690 1046 733 Dimachas
1085 694 1412 749 appellabant‚²

18 768 20 771 ’
48 767 261 823 adiungit:
301 767 432 808 dorso
468 765 513 806 hi
545 765 740 822 graviora
778 779 899 805 arma
930 765 1180 819 portabant,
1214 775 1411 812 ceterum

52 840 172 896 equis
197 837 490 888 vehebantur3
531 851 633 880 cum
674 851 741 878 res
780 836 992 894 locusque
1031 846 1247 894 posceret,
1285 832 1413 896 pede-

51 911 146 953 stris
175 910 288 952 acies
323 916 429 953 erat.

134 983 255 1024 Haec
288 988 491 1037 agentem
528 979 828 1022 Alexandrum
866 980 1030 1022 adeunt
1061 979 1228 1023 Orsilos
1260 992 1301 1026 et
1332 986 1477 1032 Μί-ὃί)

50 1055 337 1098 thracenes:³
395 1052 515 1094 Bessi
573 1052 860 1107 parricidium
916 1054 1030 1094 exosi
1080 1053 1415 1112 transfugerant,

51 1126 420 1182 nuntiabantque,
458 1124 596 1167 stadia
634 1136 663 1164 D
702 1123 851 1165 abesse
887 1124 1050 1175 Persas,
1090 1124 1206 1181 ipsos
1242 1128 1416 1173 brevius

0 1198 133 1242 ibiter
161 1204 497 1238 monstraturos.
544 1195 708 1238 Gratus
737 1195 824 1254 regi
851 1196 1061 1238 adventus
1091 1198 1417 1257 transfugarum

0 1904 3 1936 i

0 1937 3 1981 Ι

0 1987 5 2020 ι

51 1271 148 1320 fuit.
208 1271 359 1327 Itaque
397 1267 539 1323 prima
574 1282 753 1324 vespera
795 1268 979 1311 ducibus
1017 1269 1172 1312 iisdem
1213 1289 1316 1314 cum
1352 1292 1419 1317 ex·-

52 1342 199 1398 pedita
244 1340 444 1398 equitum
483 1355 627 1381 ·manu
674 1347 967 1382 monstratam
1010 1342 1127 1383 viam
1166 1343 1420 1401 ingreditur,

51 1413 278 1471 phalange,
319 1419 534 1470 quantum
569 1411 773 1454 festinare
802 1419 959 1470 posset,
989 1413 1110 1470 sequi
1140 1415 1266 1458 iussa.
1325 1406 1421 1475 Ipse

56 1486 271 1543 quadrat‘o
311 1484 482 1540 agmine
522 1483 748 1535 incedens,
796 1485 856 1527 ita
907 1500 1085 1528 cursum
1132 1489 1331 1544 regebat,
1375 1500 1424 1534 ut

22 1557 184 1613 xprimi
229 1556 435 1613 coniungi
470 1556 634 1598 ultimis
672 1563 865 1614 possent.
934 1570 1006 1599 ccc
1036 1558 1174 1600 stadia
1203 1575 1426 1617 processe-

57 1635 170 1679 rant,
204 1644 304 1670 cum
342 1627 538 1669 occurrit
577 1629 869 1680 Brocubelus,
905 1628 1074 1671 Mazaei
1110 1629 1245 1681 filius,
1273 1633 1426 1691 Syriae

48 1701 286 1758 quondam
326 1707 522 1756 praetor.
595 1699 635 1740 Is
682 1714 858 1757 quoque
907 1701 1131 1760 transfuga
1177 1706 1426 1758 nuntiabat,

58 1773 242 1814 Bessum
268 1772 388 1813 haud
426 1771 612 1829 amplius
656 1787 791 1829 quam
831 1785 879 1813 cc
907 1775 1046 1816 stadia
1078 1776 1238 1818 abesse.
1294 1778 1430 1821 Exer-

50 1845 212 1895 citum,
248 1851 402 1900 utpote
453 1844 526 1902 qui
577 1843 684 1885 nihil
733 1854 1032 1902 praecaveret,
1082 1848 1427 1905 incompositum

63 1916 452 1974 inordinatumque
490 1916 746 1974 procedere.
811 1918 1079 1971 Hyrcaniam
1109 1921 1246 1962 videri
1271 1923 1432 1977 petitu-

52 1994 150 2031 ³r0s.
221 1990 267 2031 Si
305 1989 532 2030 festinaret
585 1988 733 2046 sequi,
778 1989 1009 2044 palantes⁴
1046 2001 1429 2047 superventurum.

9 2054 261 2108 12'Dareum
301 2061 446 2103 adhuc
482 2062 638 2104 vivere.
715 2061 904 2104 Strenuo
950 2061 1177 2119 alioquin⁵
1219 2066 1432 2123 cupidita-

0 2182 11 2252 [l

64 2139 159 2174 tem
199 2133 497 2191 consequendi
538 2133 760 2190 transfuga
796 2134 1018 2176 iniecerat.
1074 2135 1226 2191 Itaque
1258 2138 1434 2182 calcari-

68 2205 148 2247 bus
176 2206 372 2257 subditis,
405 2206 545 2248 effuso
581 2221 710 2248 cursu
741 2213 856 2247 eunt.
911 2209 1097 2265 Iamque
1127 2207 1328 2253 fremitus
1355 2211 1434 2254 ho-
1490 2260 1495 2269 ι

62 2277 203 2319 stium
235 2278 318 2320 iter
345 2278 683 2336 ingredientium
700 2277 1032 2329 exaudiebatur3
1057 2279 1131 2320 sed
1146 2291 1434 2339 prospectum

12 2373 15 2383 ι
73 2349 297 2391 ademerat
322 2351 511 2407 pulveris
540 2350 689 2392 nubes.
747 2350 969 2407 Paulisper
1001 2367 1102 2408 ergo
1129 2352 1321 2396 inhibuit
1344 2371 1439 2398 cur-

16 2435 192 2473 nsum,
233 2423 375 2465 donec
415 2424 663 2466 consideret
693 2422 842 2478 pulvis.
915 2423 1098 2481 Iamque
1146 2427 1369 2482 conspecti
1415 2443 1438 2469 a

9 2839 21 2961 ’,ἱ-α

73 2493 268 2536 barbaris
297 2503 435 2547 erant,
464 2503 508 2538 et
540 2494 796 2537 abeuntium
821 2509 978 2551 agmen
1007 2507 1340 2555 conspexerant,
1366 2516 1440 2542 ne-

64 2623 93 2648 ·1
120 2625 241 2671 sequi.
427 2625 448 2651 2
473 2628 681 2673 appellant.
848 2626 869 2657 3
896 2627 1059 2662 Orsillos
1086 2636 1124 2662 et
1148 2630 1433 2675 Mythracenes.

65 2682 69 2685 ⁴
167 2680 264 2713 Tum
289 2678 454 2714 additur
482 2682 560 2727 qui.
786 2683 809 2716 4
833 2682 1053 2729 palantibus
1079 2683 1188 2729 vulgo
1206 2684 1256 2719 de
1281 2689 1439 2722 coniece.

166 2735 185 2762 5
214 2735 374 2781 alioqui.

1080 2797 1176 2838 K2
