1703 2961
435 128 515 172 DE
553 127 763 171 GESTIS
796 127 976 180 ALEX,
1006 130 1095 180 VH,
1128 130 1165 171 6.
1389 133 1468 177 207

69 251 88 280 8
121 239 194 293 lile
222 238 390 282 silentio
419 240 556 291 facto,
586 244 651 283 Et
681 244 788 296 ipse,
820 241 972 298 inquit,
1010 246 1238 300 Amyntam
1266 260 1359 286 mea
1384 262 1470 288 sen-

121 315 261 354 tentia
285 311 541 371 fratresque
575 317 666 355 eins
700 315 893 356 absolvo.
964 315 1056 357 Vos
1093 327 1246 366 autem,
1285 320 1472 372 iuvenes³

121 387 234 428 malo
263 387 458 445 beneficii
488 390 571 427 mei
609 389 824 436 oblivisci,
863 402 991 442 quam
1017 391 1203 442 periculi
1227 394 1366 431 vestri
1395 408 1473 430 me-

120 461 306 500 minisse.
356 461 524 502 Eadem
552 460 652 517 fide
689 462 829 501 redite
869 463 915 501 in
951 464 1140 514 gratiam
1181 479 1353 510 mecum,
1391 479 1475 518 qua

41 522 88 572 '9
121 533 216 586 ipse
255 534 473 575 vobiscum
507 544 714 575 revertor.
783 536 890 574 ,Nisi
918 549 1027 589 quae
1056 537 1207 576 delata
1236 547 1377 578 essent
1404 554 1474 578 ex-

120 607 356 655 cussissem,
385 607 518 647 valde
543 608 834 648 dissimulatio
871 623 964 647 mea
1002 619 1204 662 suspecta
1234 626 1324 651 esse
1342 614 1354 634 ¹
1401 627 1478 664 po-

121 682 294 721 tuisset.
343 681 430 722 Sed
455 682 596 721 satius
623 690 690 721 est
716 690 927 734 purgatos
957 694 1057 728 esse,
1097 696 1221 736 quam
1247 695 1475 738 suspector.

125 753 344 807 Cogitate,
375 755 581 795 neminem
608 754 779 795 absolvi
807 756 946 807 posse,
973 756 1062 794 nisi
1088 758 1163 810 qui
1183 757 1353 798 dixerit
1381 774 1478 798 cau-

61 841 225 867 losum.
282 829 357 874 Tu,
382 831 585 882 Amynta,
630 829 804 881 ignosce
832 823 981 885 fratri
1007 837 1096 869 tuo.
1142 830 1249 869 Erit
1276 831 1355 870 hoc
1380 834 1477 871 sim-

121 901 300 954 pliciter
328 903 462 941 etiam
488 903 597 941 milti
626 901 877 942 reconcilati
907 902 1041 940 animi
1071 904 1139 941 tui
1161 904 1334 955 pignus.

56 987 101 1010 11
204 972 425 1015 Contione
463 972 621 1014 deinde
665 972 850 1021 dimissa,
888 971 1207 1028 Polydamanta
1244 973 1390 1014 vocari
1419 973 1477 1015 iu-

124 1042 212 1085 bet.
271 1044 419 1101 Longe
453 1043 777 1100 acceptissimus
807 1043 1088 1084 Parmenioni
1121 1053 1227 1092 erat,
1256 1046 1479 1101 proximus

60 1114 243 1156 12lateri
285 1115 330 1156 in
372 1116 462 1156 acie
503 1123 617 1156 stare
646 1115 808 1155 solitus.
868 1115 928 1155 Et
957 1130 1226 1173 quamquam
1258 1119 1481 1160 conscien-

122 1187 181 1228 tia
212 1186 348 1229 fretus
380 1188 423 1228 in
453 1188 621 1244 regiam
646 1195 834 1236 venerat,
865 1193 1027 1237 tamen,
1057 1195 1107 1228 ut
1136 1189 1272 1230 iussus
1305 1197 1368 1231 est
1394 1190 1481 1234 fra-

123 1262 211 1301 tres
241 1275 341 1301 suos
380 1259 595 1307 exhibere,
634 1259 877 1300 admodum
916 1258 1092 1300 iuvenes
1119 1267 1161 1300 et
1191 1262 1277 1318 regi
1307 1262 1481 1319 ignotos

124 1333 182 1374 ob
226 1340 430 1379 aetatem,
473 1332 629 1374 fiducia
661 1333 706 1373 in
732 1330 1066 1372 sollicitudinem
1098 1347 1233 1380 versa,
1261 1336 1481 1390 trepidare

128 1405 285 1460 coepit,
313 1404 482 1461 saepius
514 1421 624 1462 quae
652 1418 814 1446 nocere
840 1411 1030 1459 possent.
1064 1419 1198 1460 quam
1217 1407 1374 1462 quibus
1398 1409 1483 1452 elu-

68 1477 274 1526 13deret,
313 1485 534 1533 reputans.
623 1480 719 1517 Iam
757 1474 978 1530 armigeri,
1016 1476 1170 1532 quibus
1218 1477 1483 1534 imperatum

128 1556 233 1598 erat,
272 1550 571 1605 produxerant
598 1564 683 1597 eos,
725 1563 827 1590 cum
859 1562 1119 1603 exsanguem
1151 1557 1273 1590 metu
1302 1552 1484 1609 Polyda-

125 1628 277 1662 manta
314 1621 494 1678 propius
529 1620 738 1662 accedere
765 1620 906 1660 iubet:
937 1621 1238 1677 submotisque
1265 1625 1482 1674 omnihus,

133 1696 308 1744 Scelere,
349 1694 499 1751 inqust,
549 1695 852 1735 Parmenionis
897 1708 1039 1734 omnes
1084 1697 1254 1747 pariter
1290 1701 1486 1750 appetiti

73 1781 120 1807 14
133 1784 290 1817 sumus,
321 1770 508 1808 maxime
530 1783 608 1821 ego
639 1782 689 1807 ac
719 1777 779 1814 tu,
807 1782 914 1821 quos
941 1770 1162 1808 amicitiae
1187 1770 1328 1821 speeie
1344 1767 1486 1828 sefel-

130 1844 198 1884 lit.
245 1843 318 1882 Ad
331 1856 468 1896 quem
498 1841 832 1894 persequendum
854 1842 1197 1894 puniendumque
1215 1844 1338 1901 (vide
1356 1860 1484 1899 quan-

69 1927 112 1955 1⁵
131 1927 222 1958 cum
240 1914 359 1973 fidei
389 1924 488 1954 tuae
532 1915 723 1964 credam)
769 1923 811 1953 te
837 1915 1036 1954 ministro
1067 1916 1136 1953 uei
1165 1918 1317 1957 statui.
1366 1919 1485 1959 Obsi-

131 1992 220 2038 des,
250 1990 351 2028 dum
391 1989 470 2028 hoc
506 1989 695 2041 peragis,
731 1996 854 2027 erunt
864 1983 1040 2045 fratres
1078 1989 1158 2027 t-ni.
1206 1988 1486 2045 Proficiscere

132 2064 179 2103 in
215 2063 423 2107 Mediam,
459 2070 505 2100 et
541 2062 600 2100 ad
635 2053 881 2116 praefectos
927 2076 1040 2101 meos
1087 2061 1260 2101 litteras
1296 2065 1487 2117 scriptas

133 2150 260 2176 manu
282 2150 391 2190 'mea
426 2130 585 2190 perfer.
658 2134 903 2175 Velocitate
933 2148 1041 2187 opus
1071 2143 1149 2181 est,
1182 2149 1267 2188 qua
1297 2135 1486 2178 celerita-

133 2217 219 2249 tem
247 2204 466 2266 [famae]²
500 2208 742 2248 antecedas.
779 2208 928 2246 Noctu
953 2209 1178 2259 pervenire
1214 2209 1316 2249 illuc
1344 2219 1389 2250 te
1412 2226 1485 2252 vo-

75 2295 121 2324 16
133 2281 193 2331 lo,
218 2291 393 2335 postero
434 2281 517 2327 die,
556 2296 663 2335 quae
694 2281 862 2332 scripta
899 2290 1031 2327 erunt,
1071 2284 1237 2335 exequi.
1278 2285 1354 2324 Ad
1381 2285 1488 2324 Par-

133 2355 364 2394 menionem
395 2368 561 2408 quoque
592 2353 803 2406 epistolas
816 2348 956 2411 seres,
988 2369 1113 2394 unam
1138 2370 1166 2394 a
1196 2370 1274 2404 me,
1304 2356 1488 2397 alteram

134 2426 338 2467 Philotae
366 2428 534 2467 nomine
562 2428 778 2480 scriptam.
850 2427 1028 2479 Signum
1059 2428 1181 2468 anuli
1201 2429 1292 2468 eius
1321 2431 1367 2469 in
1395 2445 1489 2470 mea

136 2565 154 2590 1
180 2565 242 2599 Sic
267 2566 374 2611 vulgo
400 2564 449 2599 dc
473 2569 632 2600 coniect.
659 2566 781 2601 codd.
811 2579 1001 2613 superare.
1031 2570 1213 2604 Fortasse
1240 2572 1396 2617 sperari·

225 2619 246 2644 2
273 2620 363 2667 Sine
375 2621 568 2666 cancellis,
579 2621 810 2656 indicatur-is
813 2621 946 2668 fidem
965 2626 1047 2657 eius
1063 2626 1158 2658 vocis
1167 2636 1246 2658 esse
1256 2634 1483 2670 suspectam.
