1703 2961
239 128 317 168 112
698 128 753 182 Q.
787 126 992 170 cumn
1021 126 1160 169 RUFl

237 239 429 281 odorum
466 238 688 280 fertilitate
726 238 884 281 nobilis
919 239 1051 295 regio,
1099 246 1344 295 campestre
1383 241 1479 287 iter,
1518 248 1592 284 est.

237 313 357 352 Inter
401 310 550 367 Tigrin
602 316 643 350 et
685 309 944 366 Euphraten
969 316 982 337 ¹
1027 310 1211 352 iacentia
1258 319 1351 352 tarn
1390 313 1513 353 uberi
1556 299 1684 356 e1123

235 382 383 439 pingui
415 383 506 423 solo
548 388 659 429 sunt,
694 389 743 422 ut
784 397 807 422 a
846 390 972 438 pastu
1009 381 1157 438 repelli
1185 397 1347 438 pecora
1379 384 1595 432 dicantur,
1682 399 1685 435 l

235 471 290 496 ne
319 455 494 496 satietas
522 453 723 510 perimat.
794 453 933 496 Causa
958 454 1193 496 fertilitatis
1225 461 1288 494 est
1312 454 1495 506 humor,
1520 457 1591 514 qui
1684 444 1686 468 ᾖ

234 543 285 569 ex
315 535 500 583 utroque
530 541 661 566 amne
691 533 855 576 manat,
889 534 984 568 toto
1010 524 1102 567 fene
1132 525 1224 567 solo
1258 534 1440 583 propter
1467 543 1596 569 venas
1685 576 1688 583 ,

235 614 449 656 aquarum
477 598 722 640 resudante.
785 598 876 654 ⁴Ipsi
913 614 1061 639 amnes
1096 614 1146 640 ex
1170 598 1407 639 Armeniae
1435 600 1595 640 monti·
1618 608 1689 655 1³1⁸?

236 672 318 713 bus
353 670 600 725 profluunt,
648 685 698 712 ac
744 684 905 725 magno
961 670 1118 711 deinde
1155 685 1368 726 aquarum
1406 671 1595 713 divortio
1685 682 1690 722 ¹,

235 743 476 799 itersquod
504 744 792 798 coeperunt‚²
824 749 1113 798 percurrunt:
1143 742 1230 783 duo
1262 743 1379 784 milia
1410 751 1455 784 et
1475 743 1597 800 quin·
1686 729 1691 782 l

235 821 364 871 genta
396 813 533 855 stadia
568 812 732 854 emensi
775 821 886 863 sunt,
927 814 999 869 qui
1045 813 1358 870 amplissimum
1399 815 1597 856 interval·
1687 816 1691 844 ·'

234 886 327 928 lum
359 886 472 928 circa
503 884 737 926 Armeniae
776 891 951 926 montes
986 892 1263 927 notaverunt.
1322 886 1462 927 lidem
1494 901 1660 934 cum14
1687 885 1693 929 i

232 958 406 1000 Mediae
453 965 496 999 et
551 956 910 999 Gordiaeorum³
964 964 1102 999 terras
1146 972 1294 999 secare
1343 964 1595 1014 coeperunt,

231 1029 443 1086 paulatim
473 1029 516 1070 in
548 1028 681 1070 artius
709 1034 886 1078 co‘eunt,
911 1036 954 1070 et
982 1045 1070 1086 quo
1096 1029 1264 1086 longius
1295 1037 1491 1076 manant,
1507 1028 1594 1070 lioc
1690 1039 1693 1056 ¹

223 1101 456 1158 angustius
494 1100 608 1141 inter
645 1115 688 1142 se
722 1101 912 1156 spatium
950 1109 1090 1143 terrae
1128 1102 1392 1158 relinquunt.
1451 1099 1658 1148 Χίςίηἰιε
1690 1082 1696 1153 l

220 1174 424 1222 ,maxime
452 1180 553 1213 sunt
585 1171 664 1212 in⁴
698 1173 872 1225 campis,
898 1189 1006 1228 quos
1039 1174 1206 1216 incolae
1221 1173 1595 1230 Mesopotamiam

219 1246 473 1303 .appellant;
503 1243 698 1284 mediam
727 1258 918 1298 namque
961 1244 1014 1284 ab
1044 1254 1232 1302 utroque
1260 1246 1393 1286 latere
1422 1244 1596 1286 conclu-

1691 1173 1695 1230 l

232 1319 371 1364 dunig
411 1317 548 1358 Iidem
580 1330 658 1370 per
684 1315 1032 1374 Babyloniorum
1066 1315 1171 1358 fines
1200 1317 1247 1358 in
1276 1316 1479 1358 Rubrum
1504 1331 1595 1357 mav

227 1406 276 1432 re
299 1391 567 1444 irrumpunt.
590 1389 603 1415 ⁵
665 1387 909 1429 Alexander
937 1389 1100 1445 quartis
1132 1388 1282 1432 castris
1310 1388 1366 1429 ad
1390 1387 1588 1429 Mennim
1606 1401 1654 1430 16
1694 1379 1697 1387 Α

220 1463 388 1505 urbem
418 1460 628 1518 pervenit.
690 1459 890 1502 Caverna
920 1460 979 1501 ibi
1013 1467 1092 1508 est,
1113 1469 1178 1502 ex
1208 1474 1293 1518 qua
1321 1458 1420 1500 fons
1449 1459 1595 1515 ingen-
1694 1447 1703 1540 ῃ

228 1544 321 1578 tem
357 1532 584 1576 bituminis
620 1531 747 1572 vim⁶
787 1531 995 1581 effundit,
1035 1533 1158 1582 adeo,
1201 1539 1249 1573 ut
1277 1531 1378 1572 satis
1408 1538 1593 1580 constet,
1701 1554 1703 1580 Λ

226 1606 494 1661 Babylonios
537 1619 688 1646 muros
729 1603 913 1660 ingentis
951 1605 1096 1662 operis
1139 1604 1266 1646 huius
1304 1603 1438 1646 fontis
1478 1603 1592 1644 bitu-
1695 1559 1699 1635 l

225 1682 344 1722 mine
371 1679 587 1721 interlitos
617 1690 720 1717 esse.
1695 1638 1703 1787 ἱ

310 1752 521 1795 Ceterum
541 1748 768 1806 Babylona
784 1752 802 1775 ⁷
834 1748 1091 1805 procedenti
1109 1748 1355 1790 Alexandro
1366 1747 1580 1797 Mazaeus,
1598 1765 1643 1791 1⁷
1697 1789 1701 1802 ‚

226 1827 298 1884 qui
331 1842 380 1866 ex
413 1824 507 1866 acie
548 1823 594 1863 in
630 1836 727 1862 eam
765 1821 955 1862 urbem8
1002 1820 1269 1875 confugerat,
1302 1836 1404 1862 curn
1434 1820 1590 1862 adultis
1697 1804 1703 1858 i

223 1898 368 1940 liberis
398 1895 576 1952 supplex
604 1894 809 1942 occurrit,
841 1894 998 1934 urbem
1025 1907 1157 1949 seque
1189 1892 1365 1933 dedens.
1428 1892 1590 1935 Gratus
1698 1875 1702 1917 l

224 1971 435 2013 adventus
462 1968 552 2010 eius
579 1966 667 2023 regi
709 1964 838 2013 fuit,9
881 1965 1044 2022 quippe
1073 1964 1219 2020 magni
1247 1963 1390 2020 operis
1417 1965 1589 2006 obsidio
1698 1970 1703 2012 Ι

223 2043 372 2091 futura
393 2045 547 2083 erat¹0
575 2047 667 2080 tam
698 2038 895 2078 munitae
925 2037 1057 2078 urbis.
1098 2037 1168 2078 Ad
1195 2036 1280 2078 hoc
1310 2037 1373 2077 vir
1400 2036 1585 2084 illustris,
1605 2051 1648 2078 18
1699 2022 1703 2072 l

224 2123 270 2157 et
304 2130 439 2156 manu
470 2118 724 2170 promptus,
763 2109 970 2167 famaque
1007 2109 1150 2173 etiam'
1178 2108 1376 2164 proximo
1416 2109 1584 2163 proelio
1699 2091 1703 2102 i

226 2187 428 2237 celebris,
479 2192 524 2227 et
568 2191 738 2225 ceteros
781 2182 836 2222 ad
886 2181 1158 2223 deditionem
1205 2181 1269 2222 sui
1325 2181 1585 2223 incitaturus
1700 2186 1703 2226 i

225 2259 424 2315 exemplo
451 2255 693 2298 videbatur.
753 2253 886 2310 Igitur
911 2252 1030 2296 hunc
1060 2254 1238 2311 quidem
1267 2253 1453 2309 benigne
1482 2269 1585 2296 cum
1700 2258 1703 2286 l

225 2331 370 2374 liberis
400 2328 575 2385 excipit:
593 2332 634 2353 ¹¹
668 2333 865 2369 ceterum
886 2326 1101 2383 quadrato
1131 2324 1315 2382 agmine,
1344 2324 1464 2381 quod
1495 2325 1584 2381 ipse
1602 2342 1649 2371 19

1456 2396 1587 2439 duce-

230 2539 249 2564 1
274 2539 421 2583 Tigrim
447 2543 486 2571 et
507 2535 755 2582 Euphratem.
806 2535 828 2561 2
854 2546 1001 2582 cepere.
1055 2533 1074 2563 3
1105 2532 1403 2568 Gordianorum.
1464 2533 1485 2564 4
1511 2532 1583 2566 his.

320 2594 340 2621 5
355 2598 623 2638 prorumpunt.
684 2590 704 2615 ὕ
721 2590 797 2624 vim
813 2590 1027 2623 bituminis.
1077 2588 1093 2616 7
1112 2587 1367 2631 Babylonem.
1417 2585 1441 2615 8'
1453 2586 1587 2620 urbem

318 2659 415 2682 eam.
497 2647 518 2674 9
541 2644 614 2678 fuit
637 2644 729 2690 regi.
797 2644 839 2669 10
860 2643 989 2678 fututa
1015 2649 1095 2677 erat
1117 2642 1283 2676 obsidio.
1348 2641 1391 2667 11
1419 2640 1582 2686 excepit.
