1703 2961
225 92 276 132 10
566 134 568 137 ,
667 95 719 145 Q.
760 93 956 132 CURTII
984 93 1137 132 RUFI-

224 205 382 260 spitem
416 219 468 246 ac
506 203 759 259 supplicem,
798 209 904 245 tunc
941 201 1235 246 cummaxime
1260 206 1274 226 ¹
1316 202 1436 244 utilia
1480 215 1574 244 sua-

225 277 416 326 dentem,
455 275 645 322 abstrahi
694 275 812 316 iussit
851 274 906 316 ad
945 274 1128 331 capitale
1163 274 1436 329 supplicium,
1499 263 1635 319 lueis

224 364 278 388 ne
309 355 403 388 tum
445 348 622 404 quidem
663 347 871 388 libertatis
900 346 1070 395 oblitus,
1097 348 1247 396 habeo,
1275 345 1425 402 inquit,
1454 363 1577 402 para-

223 431 313 461 tum
362 423 515 461 mortis
561 436 675 462 meae
721 421 924 461 ultorem:
980 431 1159 473 expetet
1205 434 1368 473 poenas
1407 423 1580 461 consilii

223 495 307 534 mei
327 495 346 516 ²
378 495 517 547 spreti
552 495 592 533 is
623 495 730 546 ipse,
770 503 920 534 concta
949 508 1070 548 quem
1096 494 1181 533 cibi
1205 495 1339 534 suasi.
1400 493 1460 532 Tu
1489 496 1580 547 qui-

222 568 319 609 dem
355 568 533 607 licencia
569 568 690 617 regni
733 576 823 606 tam
857 564 999 608 subito
1037 575 1239 614 mutatus,
1283 567 1579 606 documentum

223 642 309 680 eris
346 642 558 694 posceris,
605 636 819 688 homines,
859 655 953 680 cum
989 647 1034 678 s'e
1082 641 1315 691 permisere
1350 634 1579 696 fortunae,

223 714 356 754 eciam
394 723 593 754 naturam
624 713 856 753 dediscere.
915 711 1037 752 Haec
1063 709 1391 759 vociferantem,
1423 709 1642 766 quibus19
1667 729 1674 752 τ

223 785 493 840 imperatum
513 791 636 832 erat,
665 784 683 812 ³
728 783 931 839 iugulant.
987 783 1091 824 Sera
1125 781 1282 823 deinde·
1313 781 1582 837 poenitentia

223 856 354 899 subiit
383 871 544 912 regem.
581 870 637 898 ac
664 870 765 897 vera
796 853 948 898 dixisse
978 852 1213 904 confessus,
1244 853 1414 909 sepeliri
1439 855 1583 894 eum⁴

221 928 356 973 iUSSit·
392 957 396 971 ··
432 947 466 973 ¹1

228 1102 232 1105 ι
337 1039 592 1119 Thymodes
629 1059 733 1102 erat,
770 1049 986 1093 Mentoris
1029 1049 1150 1099 filius,
1195 1049 1378 1105 impiger
1405 1048 1589 1089 iuvenis:
1601 1065 1666 1093 111.

227 1125 297 1167 cui
335 1130 622 1181 praeceptum
662 1130 726 1164 est
762 1137 783 1163 a
826 1137 937 1178 rege,
968 1129 1016 1163 ut
1043 1137 1196 1163 omnes
1226 1120 1479 1183 peregrinos
1508 1120 1588 1160 mi-

221 1183 334 1246 lites)
373 1197 419 1237 in
456 1195 551 1253 quis
587 1195 828 1251 plurimum
866 1194 1060 1236 habebat
1096 1194 1200 1250 spei,
1239 1208 1263 1234 a
1301 1180 1587 1233 Pharnabazo

222 1270 459 1326 acciperet,
494 1283 627 1324 opera
671 1281 828 1308 eorum
861 1281 1017 1308 usurus
1046 1266 1091 1322 in
1118 1265 1254 1306 bello:
1291 1263 1370 1321 ipsi
1398 1263 1589 1305 Pharna-

227 1341 336 1382 bazo
362 1340 495 1382 tradit
514 1340 764 1396 imperium,
793 1339 913 1397 quod
937 1346 1064 1379 antea
1083 1341 1096 1364 ⁵
1132 1336 1586 1378 Memnoni.dederat.

336 1412 528 1454 Anxium
569 1412 622 1453 de
653 1411 914 1452 instantibus
945 1410 1068 1460 curis,
1102 1407 1623 1465 agitabantetiamhpe-rz
1676 1405 1688 1475 ἐζ

225 1500 433 1527 somnum
469 1484 632 1541 species
670 1483 997 1524 imminentium
1026 1497 1196 1530 reru1n;
1229 1480 1315 1521 sive
1338 1478 1429 1520 illas
1459 1479 1592 1534 aegri·
1675 1478 1687 1572 li

226 1552 351 1607 tudo,⁴
387 1557 472 1598 sive
505 1550 714 1598 divinatio
750 1555 883 1596 animi
910 1552 1218 1611 praesagientis
1248 1551 1444 1594 accersit.
1502 1547 1620 1591 'Ca-3

228 1638 315 1671 stra
348 1628 579 1671 Alexandri
620 1642 780 1683 magno
822 1625 929 1682 ignis
966 1625 1135 1680 fulgore
1173 1623 1392 1666 collucere
1426 1620 1464 1663 ei
1502 1621 1591 1662 visa

230 1709 344 1748 sunt,
372 1710 415 1742 et
439 1699 568 1758 paulo
609 1706 710 1755 post
750 1698 995 1739 Alexander
1021 1696 1179 1738 adduci
1208 1696 1263 1737 ad
1290 1696 1432 1751 ipsum
1462 1693 1508 1735 in
1538 1708 1591 1734 eo

227 1774 356 1830 vestie
390 1771 556 1820 habitu,
599 1786 687 1828 quo
724 1770 814 1827 ipse
849 1757 1010 1819 fuisaet‚
1052 1784 1164 1826 equo
1207 1767 1364 1809 deinde
1406 1781 1485 1823 per
1510 1765 1594 1806 Ba-

228 1846 388 1903 bylona
411 1846 450 1895 ⁶)
500 1851 663 1890 vectus,
711 1842 853 1884 subito
904 1857 1006 1885 cum
1045 1842 1138 1898 ipso
1176 1855 1289 1896 equo
1323 1838 1461 1881 oculis
1502 1853 1591 1879 esse

228 1917 479 1958 subductus.
552 1915 623 1957 Ad
665 1913 776 1956 haec
817 1922 936 1956 vates
973 1914 1088 1954 varia
1124 1909 1484 1969 interpretatione
1521 1925 1625 1953 cu-4

227 2005 323 2031 ram
358 1987 683 2033 distrinxerant:
735 1986 803 2027 alii
841 1986 1004 2027 laetum
1041 1985 1085 2026 id
1121 1985 1210 2040 regi
1249 1983 1472 2026 somnium
1503 1995 1592 2021 esse

231 2061 452 2108 dicebant,
482 2059 603 2118 quod
633 2066 772 2100 castra
803 2057 999 2098 hostium
1031 2057 1244 2107 arsissent,
1277 2055 1398 2114 quod
1413 2053 1592 2095 Alexan-

232 2134 375 2183 drum,
408 2132 608 2188 deposita
633 2130 748 2188 regia
781 2138 910 2179 veste,
940 2130 984 2170 in
1005 2129 1179 2171 Persico
1212 2137 1253 2170 et
1283 2126 1444 2184 vulgari
1471 2124 1592 2166 habi-

230 2213 278 2247 tu
317 2205 581 2262 perductum
616 2220 704 2245 esse
744 2202 932 2246 vidisset.
1004 2202 1197 2257 Quidam
1229 2216 1329 2242 vera
1355 2203 1372 2226 ⁷
1408 2211 1619 2254 augura-5

230 2276 414 2320 bantur:
442 2276 602 2334 quippe
636 2275 811 2316 illustria
841 2275 1142 2316 Macedonum
1173 2281 1312 2316 castra
1339 2272 1427 2313 visa
1455 2269 1593 2325 fulgo—

232 2366 328 2392 rem
363 2349 611 2396 Alexandro
645 2347 931 2404 portendere:
971 2362 1105 2404 quem
1141 2361 1325 2405 regnum
1359 2343 1484 2387 Asiae
1524 2356 1593 2383 oc·
1669 2367 1674 2392 ,

239 2549 254 2572 ¹
285 2555 376 2581 tunc
403 2545 580 2580 maxime.
739 2545 760 2570 2
787 2544 862 2577 mei
889 2543 1054 2579 consilii.
1201 2542 1220 2572 3
1252 2549 1331 2576 erat
1355 2543 1591 2588 imperatum.

327 2603 347 2633 4
377 2611 463 2634 eum
495 2599 658 2646 sepeliti.
759 2599 778 2627 3
807 2605 906 2634 ante.
1010 2596 1032 2623 ⁶
1055 2597 1309 2643 Babylonem.
1404 2597 1422 2625 7
1448 2587 1594 2630 contra.
1639 2640 1642 2645 Ι
1673 2613 1675 2619 ·
