1703 2961
219 137 300 182 254
679 141 736 196 Q.
769 139 975 187 CURTII
1003 143 1143 186 RUFI

219 251 497 294 Ptolemaeus
535 258 578 292 et
616 251 848 294 Perdiccas
891 253 1073 310 genibus
1110 254 1302 298 advoluti
1341 267 1483 311 orant,
1516 275 1573 303 ne

219 324 262 364 in
293 331 382 364 tam
425 322 654 379 praecipiti
693 323 755 364 ira
794 334 1050 380 perseveret,
1098 328 1373 386 spatiumque
1424 332 1572 388 potius

217 395 366 436 animo
409 395 502 436 det:
561 395 708 436 omnia
747 404 925 451 postero
966 397 1034 438 die
1072 398 1222 440 iustius
1270 409 1569 444 executurum.

218 467 305 509 Sed
335 466 503 508 clausae
536 474 661 507 erant
699 481 835 517 aures,
870 468 1150 525 obstrepente
1179 470 1255 511 ira.
1304 473 1454 529 Itaque
1494 474 1632 522 im-49

213 546 370 595 potens
403 538 536 578 animi
569 538 817 592 procurrit¹
851 539 896 580 in
924 541 1064 596 regiae
1087 542 1360 593 vestibulum,
1393 551 1438 585 et
1463 544 1572 601 vigili

214 609 445 653 excubanti
474 610 597 650 hasta
631 609 788 657 ablata,
818 611 1014 652 constitit
1043 613 1087 654 in
1117 614 1249 663 aditu,
1278 629 1365 670 quo
1395 631 1571 658 necesse

217 690 311 724 erat
344 682 458 732 his‚2
496 681 567 738 qui
604 681 733 722 simul
774 691 1088 734 coenaverant,
1129 685 1289 741 egredi.
1355 687 1569 729 Abierant
1587 706 1634 733 so

217 755 362 803 ceteri.
415 754 554 797 Clitus
586 753 760 794 ultimus
791 754 882 795 sine
907 754 1071 796 lumine
1103 756 1258 800 exibat.
1308 757 1455 812 Quem
1484 774 1572 806 rex,

215 829 417 886 quisnam
454 827 595 868 esset?
635 825 886 881 interrogat.
942 826 1182 868 Eminebat
1226 828 1359 869 etiam
1390 829 1434 870 in
1462 846 1570 872 voce

212 900 395 948 sceleris,
428 897 547 955 quod
579 897 777 953 parabat,
809 897 1029 938 atrocitas.
1061 897 1122 938 Et
1150 899 1217 939 ille
1235 899 1321 940 iam
1338 915 1429 941 non
1450 916 1626 949 suae‚51

210 973 287 1014 sed
325 971 434 1028 regis
471 970 560 1011 irae
599 984 787 1018 memor,
832 968 996 1010 Clitum
1042 985 1154 1019 esse,
1196 978 1239 1011 et
1277 971 1330 1012 de
1370 972 1567 1014 convivio

211 1046 324 1087 exire
363 1042 602 1099 respondit.
661 1041 781 1082 Haec
820 1040 1004 1082 dicentis
1043 1040 1153 1082 latus
1185 1041 1307 1083 hasta
1340 1043 1632 1090 translixitzsz

208 1116 525 1171 morientisque
563 1113 768 1169 sanguine
811 1128 1027 1167 aspersus,
1068 1117 1101 1153 I
1133 1130 1264 1164 nnnc,
1304 1114 1468 1172 inquit,
1506 1118 1568 1158 ad

207 1191 465 1243 Philippum
495 1198 540 1228 et
569 1188 894 1227 Parmenionem
926 1196 969 1226 ec
998 1188 1208 1226 Attalum.

283 1261 400 1302 Male
432 1259 634 1300 humanis
668 1257 846 1313 ingeniis
883 1265 1037 1297 natura
1070 1257 1301 1304 consuluit,
1330 1258 1449 1314 quod
1480 1260 1623 1315 ple-11.

205 1347 394 1388 rumque
425 1346 516 1372 non
536 1330 698 1378 futura,
729 1328 802 1368 sed
825 1336 1040 1370 transacta
1063 1330 1389 1385 perpendimus.
1431 1332 1567 1387 Quip-

205 1419 260 1460 pe
291 1419 378 1452 rex,
418 1409 655 1458 postquam
692 1400 752 1440 ira
795 1407 944 1440 mente
972 1400 1230 1448 decesserat,
1263 1401 1394 1441 etiam
1425 1404 1565 1444 ebric-

205 1484 294 1517 tate
332 1475 542 1522 discussa,
586 1471 935 1527 magnitudinem
974 1471 1182 1513 facinoris
1233 1487 1326 1513 sera
1367 1474 1566 1515 aestima-

205 1549 326 1590 tione
355 1545 587 1603 perspexit.
631 1543 824 1583 Videbat
860 1550 966 1584 tunc
990 1544 1228 1585 immodica
1258 1544 1457 1586 libertate
1491 1547 1563 1587 ab—
1593 1568 1612 1590 ἰ

204 1635 355 1668 usum,
395 1617 469 1658 sed
504 1615 729 1672 alioquin³
783 1615 1003 1670 egregium
1042 1616 1157 1655 bello
1197 1616 1362 1665 virum,
1403 1624 1446 1656 et
1479 1618 1561 1659 nisi

203 1692 480 1734 erubesceret
518 1687 659 1736 fateri,
690 1694 958 1726 servatorem
991 1685 1068 1733 sui,
1111 1687 1320 1728 occisum.
1363 1688 1561 1730 Detesta-

201 1765 286 1806 bile
319 1760 533 1804 earnificis
562 1757 851 1799 ministerium
882 1766 1176 1813 occupaverat
1206 1774 1290 1808 rex,
1320 1760 1558 1802 verborum

198 1836 438 1883 licentiam,
468 1847 578 1889 quae
618 1830 718 1870 vino
750 1836 926 1885 poterat
959 1829 1178 1885 imputari,
1206 1830 1393 1871 nefanda
1426 1833 1559 1874 caede

197 1909 324 1949 ultus.
361 1904 575 1948 Manabat
602 1909 697 1943 toto
739 1902 951 1942 vestibulo
992 1916 1124 1943 cruor
1156 1902 1287 1957 paulo
1327 1911 1428 1945 ante
1460 1921 1561 1947 con·
1596 1925 1615 1953 3

198 1981 337 2021 vivae:
377 1974 520 2034 vigiles
555 1972 728 2015 attoniti
778 1981 821 2014 et
869 1974 1146 2030 stupentibus
1197 1974 1356 2016 similes
1401 1979 1558 2033 procul

197 2053 383 2099 stabant,
421 2047 763 2102 liberioremque
800 2045 1122 2101 poenitentiam
1154 2046 1343 2088 solitudo
1375 2049 1557 2105 excipie-

196 2125 322 2167 ΒΘΗ*
364 2122 481 2177 Ergo
521 2119 694 2160 hastam
734 2133 783 2158 ex
825 2132 1013 2174 corpore
1055 2117 1235 2159 iacentis
1272 2119 1462 2162 evolsam
1491 2136 1555 2163 re-
1585 2142 1609 2167 4

195 2196 325 2238 torsit
356 2193 400 2234 in
425 2200 583 2241 semet3
614 2191 788 2246 iamque
809 2190 1066 2230 admoverat
1095 2190 1261 2245 pectori
1293 2206 1394 2232 cum
1424 2193 1555 2234 advo-

195 2269 287 2310 lant
313 2266 472 2323 vigiles,
509 2272 552 2306 et
587 2261 846 2318 repugnanti
887 2278 909 2301 e
947 2261 1149 2301 manibus
1189 2268 1461 2319 extorquent,
1497 2264 1556 2305 al-

195 2341 476 2394 levatumque
515 2337 560 2377 in
592 2328 927 2375 tabernaculum
955 2332 1172 2376 deserunt.
1200 2333 1272 2374 llle
1302 2333 1424 2376 humi
1454 2351 1554 2392 pro·
1587 2354 1604 2384 ς

197 2416 409 2454 straverat
450 2422 622 2462 corpus,
658 2406 823 2462 gemitu
858 2404 1106 2461 eiulatuque
1146 2404 1378 2446 miserabili
1412 2415 1554 2448 totam

197 2496 438 2541 personans
475 2478 686 2535 regiam.⁵
741 2477 927 2519 Laniare
966 2476 1123 2518 deinde
1167 2491 1215 2518 os
1251 2477 1478 2533 unguibus,
1512 2485 1555 2520 et

202 2587 219 2612 Ῑ
243 2585 443 2634 percurrit.
660 2579 681 2605 2
707 2581 765 2614 ils.
967 2579 987 2611 3
1014 2581 1173 2626 alioqui,
1320 2581 1344 2613 4
1369 2581 1554 2616 exciebuh

291 2641 311 2670 5
340 2646 419 2673 tota
443 2641 674 2685 personante
701 2634 817 2680 regia.
