1703 2961
426 94 506 135 DE
538 91 744 136 GESTIS
771 90 940 135 ALEX.
974 93 1045 144 1V,
1072 90 1136 137 47.
1422 94 1472 134 91

123 223 279 261 corum,
322 217 398 248 auc
432 204 600 264 furtum
637 207 779 247 noctis
816 207 984 247 obstare
1018 221 1100 247 non
1127 207 1298 259 patiar:
1327 206 1475 258 palam

122 283 213 321 luce
243 282 427 334 aggredi
466 290 624 321 certum
665 288 753 319 esc:
796 280 906 319 malo
936 294 998 318 me
1010 274 1222 334 fortunae
1241 281 1474 332 poeniteat,

65 366 251 408 mquam
288 355 498 393 victoriae
537 353 714 406 pudeat.
781 353 853 392 Ad
887 353 988 391 haec
1022 352 1132 390 illud
1171 367 1334 406 quoque
1362 367 1472 391 acce·

119 426 211 466 dic:
252 427 434 479 vigilias
473 439 600 476 agere
634 424 836 465 barbaros
873 434 918 465 ec
959 425 1004 464 in
1035 426 1166 463 armis
1197 433 1324 471 stare,
1350 434 1399 464 uc
1424 440 1475 464 ne

119 498 268 550 decipi
295 499 465 552 quidem
495 499 681 550 possint,
710 507 970 551 compertum
1010 497 1160 539 habeo.-
1226 499 1380 551 Itaque
1416 496 1476 536 ad

117 571 329 622 proelium
353 584 434 611 vos
452 579 619 623 parate.
687 567 758 610 Sic
780 569 982 610 incitatos
1001 567 1057 609 ad
1075 582 1261 624 corpora
1283 566 1474 608 curanda

121 639 298 684 dimisit.

68 725 114 748 11
203 711 375 753 Dareus
409 712 466 762 id,
494 716 507 738 ¹
546 712 666 768 quod
705 712 939 754 Parmenio
969 718 1172 761 suaserat,
1214 710 1386 751 hostem
1419 705 1542 749 [ει-48

120 791 296 827 cturum
328 800 417 826 esse
447 784 713 832 coniectans,
743 785 937 825 frenatos
965 798 1098 841 equos
1113 790 1238 832 stare,
1257 796 1478 836 magnam-

121 871 205 912 que
235 857 445 898 exercitus
476 862 648 911 partem
686 855 732 896 in
764 855 896 896 armis
933 871 1036 903 esse,
1077 870 1126 897 ac
1155 854 1313 910 vigilias
1343 854 1480 894 inten⁴

119 929 232 969 tiore
263 943 366 970 cura
407 927 565 969 servari
603 926 800 968 iusserat:
839 942 940 983 ergo
972 927 1141 983 ignibus
1170 933 1262 968 tota
1293 925 1386 973 eius*
1414 939 1481 965 ca-

61 1007 205 1040 12stra
262 999 497 1056 fulgebant.
590 999 686 1054 Ipse
741 1015 843 1040 cum
900 998 1083 1039 ducibus
1137 998 1481 1055 propinquisque

120 1071 292 1126 agmina
322 1071 365 1111 in
384 1070 515 1111 armis
541 1070 749 1110 stantium
782 1069 1056 1117 circumibat,
1095 1068 1245 1111 Solem
1284 1078 1328 1111 et
1349 1072 1368 1094 ²
1399 1070 1482 1111 Mi-

118 1140 249 1183 thrcn
296 1135 559 1198 sacrumque
604 1139 648 1182 et
676 1149 904 1183 aeternum
934 1140 1141 1182 invocans
1172 1141 1330 1199 ignem,
1358 1150 1408 1183 ut
1437 1142 1483 1184 il-

118 1212 168 1254 lis
214 1213 390 1274 dignam
440 1221 585 1255 vetere
632 1212 788 1268 gloria,
836 1213 1144 1270 maiorumque
1182 1214 1484 1256 monumentis

59 1283 425 1340 xsfortitudinem
453 1285 729 1341 inspirarent.
793 1285 853 1326 Et
889 1284 1105 1341 profecto,
1132 1285 1164 1326 si
1199 1301 1283 1342 qua
1314 1286 1482 1328 divinae

119 1357 213 1412 opis
255 1358 430 1413 auguria
477 1358 673 1399 humana
717 1364 866 1398 mente
917 1356 1090 1413 concipi
1134 1364 1337 1411 possent,
1378 1358 1482 1400 deos

118 1436 231 1471 stare
261 1444 423 1470 secum.
480 1430 580 1471 Illos
610 1444 752 1485 nuper
772 1428 1075 1470 Macedonum
1107 1429 1262 1470 animis
1292 1429 1482 1470 subitam

117 1501 342 1542 incussisse
380 1500 687 1543 formidinem:
725 1500 869 1542 adhuc
900 1499 1150 1555 lymphatos
1179 1499 1280 1541 ferri
1316 1501 1482 1558 agique,

120 1587 242 1613 arma
273 1572 500 1614 iacientes:
530 1581 729 1629 expetere
755 1571 977 1628 praesides
1007 1572 1239 1612 Persarum
1269 1572 1441 1628 imperii
1461 1574 1477 1601 ³

53 1656 101 1681 14
119 1632 288 1686 debitas
317 1659 339 1684 e
376 1645 636 1686 vecordibus
667 1659 846 1700 poenas.
914 1645 1008 1685 Nec
1050 1644 1194 1700 ipsum
1233 1643 1393 1685 ducem
1422 1660 1484 1685 sa-

117 1715 289 1766 niorem
341 1731 472 1770 essezs
508 1715 669 1772 quippe
714 1716 800 1756 ritu
844 1715 1039 1756 ferarum
1076 1715 1288 1771 praedam
1330 1717 1481 1768 modo,

118 1803 250 1845 quam
288 1794 528 1845 expeteret,
563 1786 830 1838 intuentem,
866 1787 912 1828 in
932 1786 1200 1844 perniciem,
1239 1803 1351 1844 quae
1376 1796 1483 1830 ante

117 1848 329 1916 praedam
346 1860 504 1916 *posita
534 1866 654 1910 esset,
682 1860 918 1902 incurrere.

201 1931 365 1987 Similis*
402 1931 519 1988 apud
553 1931 828 1986 *Macedones
870 1925 1047 1988 quoque
1086 1930 1334 1973 sollicitudo
1370 1938 1484 1973 erat:

120 2010 402 2059 noctemque,
430 2003 546 2044 velut
575 2003 622 2044 in
651 2019 750 2044 eam
782 2003 1020 2044 certamine
1051 2003 1210 2053 edicto,
1241 2010 1364 2044 metu
1392 2019 1486 2061 ege-

64 2092 104 2118 [5
122 2082 235 2115 runt.
293 2074 550 2126 Alexander,
581 2091 669 2117 non
711 2075 814 2116 alias
844 2074 979 2129 magis
1009 2074 1197 2125 territus,
1226 2075 1281 2116 ad
1310 2082 1413 2116 vota
1441 2083 1484 2116 et

124 2161 279 2202 preces
311 2146 619 2192 Aristandrum
654 2147 804 2188 vocari
833 2146 967 2190 iubet.
1023 2145 1098 2187 Ille
1127 2146 1173 2188 in
1204 2146 1388 2189 candida
1417 2164 1487 2188 ve,

121 2226 198 2268 ste,
228 2219 439 2260 verbenas
470 2235 605 2261 manu
636 2217 899 2274 praeferens,
942 2218 1084 2274 capite
1115 2219 1257 2260 velato
1288 2219 1487 2276 praeibat

122 2305 273 2347 preces
317 2290 430 2347 regi,
476 2292 644 2341 Iovem,
678 2290 924 2332 Minervam
962 2290 1294 2348 Victoriamque
1338 2292 1487 2347 propi-

65 2374 110 2403 16
125 2362 264 2421 tianti.
331 2364 458 2404 Tunc
501 2363 681 2420 quidem
719 2361 934 2421 sacrificio
975 2363 1056 2404 rite
1095 2370 1362 2419 perpetrato,
1392 2364 1486 2405 reli-

127 2449 264 2491 quum
293 2434 435 2477 noctis
459 2435 738 2491 acquieturus
770 2434 816 2476 in
843 2434 1179 2477 tabernaculum
1209 2435 1351 2477 rediit.
1396 2436 1482 2478 Sed

126 2588 139 2610 ¹
168 2587 278 2621 illud.
479 2587 501 2613 2
525 2587 646 2623 abest.
849 2588 869 2618 3
898 2587 1087 2624 adiicitur
1111 2589 1216 2623 deos.
1240 2584 1242 2587 ¹
