1703 2961
229 178 313 220 306
705 174 762 229 Q.
797 172 1000 217 CURTu
1027 173 1168 217 RUFI

1698 165 1703 251 l

233 288 622 344 transiliebantque
655 287 699 328 in
718 285 913 328 vehicula
934 293 1114 327 strenuo
1143 285 1266 335 saltu,
1297 301 1399 328 cum
1421 299 1597 327 succur-
1699 254 1703 364 ἔ

233 375 331 402 rere
374 359 676 400 laborantibus
711 358 796 399 suis
836 357 1010 399 vellent.
1083 359 1149 400 Ac
1190 357 1337 414 primo
1377 358 1598 400 insolitum
1617 366 1663 393 16
1698 365 1703 406 ᾗ

233 447 369 489 ,genus
399 446 571 487 pugnae
611 430 880 471 Macedonas
924 429 1091 478 terruit,
1126 444 1228 470 cum
1258 429 1426 471 eminus
1453 429 1600 471 vulne-
1698 407 1703 483 l

234 511 458 545 rarentur:
509 501 668 543 deinde
719 508 866 558 spreto
916 509 1006 542 tam
1044 501 1273 543 incondito
1316 501 1495 550 auxilio,
1544 501 1598 542 ab
1698 487 1703 583 ¹

236 583 425 631 utroque
453 574 585 615 latere
611 573 819 615 vehiculis
852 572 1106 614 circumfusi
1129 580 1422 631 repugnantes
1447 572 1600 613 fodere
1699 586 1703 624 ς

237 653 492 702 coeperunt.
553 647 612 687 Et
646 645 831 695 vincula,
870 645 966 702 quis
993 652 1194 686 conserta
1226 652 1365 692 erant,
1397 643 1517 685 iussit
1545 643 1664 684 in—17
1699 625 1703 650 ¹

241 718 340 768 cidi,
386 732 474 774 quo
513 716 682 758 facilius
721 716 885 772 singula
931 716 1369 758 circumvenirentur.
1437 718 1602 772 Itaque,

239 804 314 832 vm
344 789 521 831 milibus
560 803 742 830 suorum
783 788 961 838 amissis,
994 788 1039 829 in
1080 789 1293 846 oppidum
1333 788 1601 846 refugerunt.

239 864 426 904 Postero
457 861 526 902 die
557 861 682 903 scalis
713 861 908 917 undique
938 860 1129 903 admotis
1161 862 1277 903 muri
1309 868 1602 917 occupantur;
1622 871 1666 898 18

240 933 392 991 paucis
419 933 656 990 pernicitas
688 932 816 975 saluti
845 933 936 974 fuit.
987 932 1089 987 Qui,
1123 933 1299 990 cognito
1336 932 1456 974 urbis
1497 931 1605 974 exci-

242 1006 333 1054 dio,
356 1004 564 1062 paludem
596 1014 877 1047 transnavere
908 1004 953 1046 in
983 1005 1155 1046 vicina¹
1189 1005 1351 1062 oppida
1382 1004 1605 1060 ingentem

240 1076 687 1124 intulere‘terrorem,
716 1076 927 1118 invictum
959 1077 1214 1127 exercitum,
1237 1084 1281 1119 et
1299 1077 1487 1119 deorum
1505 1089 1606 1131 pro-

239 1150 373 1199 fecto,
405 1149 626 1190 advenisse
664 1156 976 1190 memorantes.

320 1222 580 1271 Alexander,
621 1221 677 1262 ad
715 1222 975 1262 vastandam
1016 1235 1112 1261 eam
1141 1220 1369 1276 regionem
1398 1219 1608 1262 Perdicca
1626 1235 1673 1265 19

243 1307 347 1334 cum
380 1293 576 1348 expedita
604 1307 741 1333 manu
770 1292 915 1342 misso,
949 1299 1121 1348 partem
1150 1291 1379 1347 copiarum
1413 1292 1605 1333 Eumeni

241 1363 468 1414 tradidit,²
501 1371 550 1404 ut
581 1364 613 1405 is
650 1379 826 1420 quoque
857 1364 1069 1404 barbaros
1101 1361 1157 1402 ad
1184 1362 1455 1405 deditionem
1487 1380 1607 1407 com-

240 1436 438 1493 pelleret:
478 1437 567 1492 ipse
610 1443 780 1477 ceteros
827 1435 883 1476 ad
925 1435 1084 1475 urbem
1129 1433 1340 1485 validam,
1380 1435 1425 1476 in
1472 1453 1607 1494 quam

239 1508 423 1550 aliarum
449 1523 625 1564 quoque
656 1507 946 1564 confugerant
962 1506 1147 1553 incolae,
1180 1506 1312 1547 duxit.
1361 1506 1668 1565 Oppidani,20

241 1580 378 1622 missis
414 1580 488 1637 qui
528 1594 679 1636 regem
719 1580 1082 1635 deprecarentur,
1120 1577 1405 1621 nihilominus
1443 1582 1606 1623 bellum

241 1653 470 1711 parabant.
530 1651 707 1708 Quippe
746 1658 843 1693 orta
876 1652 1031 1693 seditio
1062 1652 1107 1692 in
1138 1650 1304 1692 diversa
1335 1653 1513 1695 consilia
1546 1655 1608 1696 di-

244 1725 426 1766 duxerat
456 1723 654 1779 vulgum:
685 1723 753 1763 alii
786 1723 935 1764 omnia
961 1723 1181 1765 deditione
1203 1723 1393 1778 potiora,
1426 1725 1605 1781 quidam

241 1797 407 1838 nullam
438 1812 571 1853 opem
610 1795 654 1836 in
693 1796 795 1853 ipsis
824 1811 914 1837 esse
947 1795 1180 1839 ducebant.
1244 1795 1331 1837 Sed
1363 1795 1468 1836 dum
1501 1797 1667 1838 nihil21

241 1869 288 1910 in
329 1883 567 1910 commune
608 1868 869 1916 consulitur,
919 1868 992 1926 qui
1042 1867 1253 1909 deditioni
1299 1867 1606 1918 imminebant,

243 1940 404 1997 apertis
431 1940 581 1996 portis,
610 1940 788 1981 hostem
839 1940 1073 1997 recipiunt.
1142 1939 1407 1990 Alexander,
1457 1956 1669 1998 quam-22

244 2028 377 2070 quam
409 2012 507 2053 belli
541 2012 793 2054 auctoribus
824 2013 916 2053 iure
935 2018 1111 2069 poterat
1130 2011 1266 2062 irasci,
1293 2019 1444 2053 tamen
1467 2014 1606 2054 omni-

244 2086 325 2126 bus
365 2084 488 2125 venia
529 2085 651 2135 data,
692 2092 736 2126 et
775 2083 1000 2126 obsidibus
1029 2084 1231 2140 acceptis,
1271 2084 1326 2124 ad
1357 2084 1603 2140 proximam

246 2159 403 2201 deinde
433 2158 590 2199 urbem
621 2164 760 2198 castra
791 2157 944 2197 movit.
1010 2155 1199 2197 Obsides
1230 2155 1504 2197 ducebantur
1533 2172 1605 2196 an—

244 2239 287 2273 te
318 2247 489 2288 agmen.
547 2228 672 2284 Quos
711 2243 812 2270 cum
851 2229 932 2270 ex³
962 2228 1100 2269 muris
1132 2227 1415 2284 agnovissent,
1448 2234 1602 2284 utpote
1618 2247 1664 2275 23

244 2303 383 2360 gentis
426 2301 645 2348 eiusdem,
693 2299 738 2341 in
777 2299 1048 2357 colloquium
1091 2306 1457 2342 convocaverunt.
1531 2301 1606 2351 Illi,

245 2375 529 2418 clementiam
567 2371 678 2428 regis
714 2371 929 2428 simulque
960 2373 1047 2413 vim
1097 2371 1509 2421 commemorando,
1551 2373 1605 2412 ad

244 2446 517 2488 deditionem
559 2459 633 2486 eos
681 2443 956 2499 compulere:
1001 2450 1252 2499 ceterasque
1302 2442 1431 2484 urbes
1479 2443 1604 2485 simili

242 2518 380 2561 modo
411 2518 580 2560 deditas
610 2517 655 2558 in
682 2514 817 2559 fidem
849 2516 1032 2573 accepit.

245 2682 260 2705 ¹
292 2689 338 2716 et
361 2682 402 2716 in
430 2682 567 2717 vicina.
760 2681 780 2707 2
808 2681 932 2714 tradit.
1135 2679 1154 2709 3
1190 2690 1222 2713 θ.
