1703 2961
480 112 561 153 DE
589 109 796 153 GEs'rlS
825 111 992 153 ALEX.
1029 112 1097 161 lx,
1123 109 1188 152 42.
1443 109 1517 152 541

91 231 213 263 26ste
242 222 447 279 pretiosa.
518 222 653 263 Primi
696 221 820 263 ibant
854 222 983 264 amici
1023 231 1066 263 et
1096 221 1257 264 cohors
1290 222 1421 279 regia,
1450 236 1520 263 va-

149 295 219 335 riis
247 295 449 335 redimita
490 295 670 336 floribus
699 294 981 350 coronisque;
1024 294 1123 334 alibi
1152 295 1384 336 tibicinum
1414 311 1514 337 can-

145 373 228 413 tus,
257 366 356 407 alibi
398 366 513 422 lyrae
554 382 685 407 sonus
727 366 1006 406 audiebatur:
1048 366 1153 406 item
1203 366 1246 407 in
1300 367 1510 408 vehiculis

144 453 225 495 pro
270 439 397 494 copia
439 438 645 494 cuiusque
686 438 910 479 adornatis
952 436 1315 478 comissabundus
1346 438 1509 479 exerci-

143 517 223 558 tus,
255 511 397 559 armis,
424 525 534 566 quae
565 511 751 550 maxime
772 510 931 551 decora
965 516 1102 560 erant,
1134 509 1502 565 circumpenden-

140 582 267 623 tibus.
342 583 490 638 Ipsum
543 582 831 640 convivasque
879 596 1030 623 currus
1071 580 1279 631 vehebat,
1317 581 1503 641 *crateris

141 654 281 695 aureis
321 653 601 710 eiusdemque
642 654 852 694 materiae
892 653 1138 709 ingentibus
1178 653 1348 709 poculis
1376 668 1502 709 prae-

75 740 121 766 27
139 725 291 781 gravis.
359 725 456 768 Hoc
495 726 632 767 modo
669 740 748 782 per
788 725 878 766 dies
915 733 1083 781 septem
1122 725 1500 767 bacchabundum

75 842 77 844 ,
137 813 292 854 agmen
323 797 521 847 incessit,
558 801 737 854 parata¹
782 798 957 853 praeda,
987 797 1020 838 si
1051 797 1155 854 quid
1186 797 1310 838 victis
1344 797 1498 838 saltem

137 870 340 910 adversus
390 870 673 911 comissantes
723 869 855 910 animi
901 869 1070 910 fuisset:
1128 868 1244 910 mille
1302 868 1497 916 hercule,

135 941 212 982 viri
239 942 374 982 modo
406 949 449 982 et
479 942 626 991 sobrii,
657 949 826 998 septem
859 941 1029 982 dierum
1065 940 1243 996 crapula
1273 955 1422 995 graves
1451 941 1497 982 in

66 1027 112 1054 28
131 1030 209 1056 suo
250 1013 479 1070 triumpho
519 1029 674 1067 capere
713 1021 966 1071 potuerunt.
1032 1013 1120 1054 Sed
1160 1012 1352 1062 fortuna,
1384 1027 1496 1068 quae

134 1087 264 1127 rebus
283 1086 448 1126 famam
465 1086 746 1142 pretiumque
768 1085 1007 1133 constituit,
1035 1083 1158 1131 hoc,2
1190 1099 1366 1140 quoque
1384 1083 1497 1125 mili-

131 1158 217 1198 tiae
247 1157 462 1213 probrum
490 1158 619 1198 vertit
648 1158 692 1197 in
722 1157 919 1213 gloriam.
983 1157 1043 1197 Et
1065 1170 1270 1212 praesens
1300 1162 1418 1196 aetas
1450 1162 1494 1196 et

129 1230 361 1287 posteritas
384 1227 540 1269 deinde
578 1230 735 1269 mirata
767 1236 845 1279 est,
869 1243 950 1284 per
975 1235 1124 1284 gentes
1155 1228 1358 1268 nondum
1390 1227 1492 1269 satis

131 1300 320 1342 domitas
356 1299 576 1341 incessisse
613 1299 893 1347 temulentos,
930 1299 1140 1349 barbaris,
1170 1299 1290 1356 quod
1318 1300 1494 1341 temeri-

66 1388 114 1418 29
132 1381 197 1414 tas
227 1380 332 1419 erat,
357 1371 566 1412 fiduciam
596 1387 685 1412 esse
716 1371 1008 1413 credentibus.
1064 1372 1195 1412 Hunc
1227 1378 1493 1428 apparatum

127 1444 319 1487 carnifex
348 1443 630 1500 sequebatur:
660 1443 821 1501 quippe
850 1450 1042 1499 satrapes
1071 1443 1290 1498 Aspastes‚
1318 1443 1371 1485 de
1401 1460 1489 1501 quo

66 1532 115 1560 30
132 1524 234 1558 ante
266 1516 434 1558 dictum
462 1523 536 1565 est,
568 1515 756 1557 interfici
777 1516 913 1556 iussus
934 1523 1008 1556 est.
1052 1515 1175 1556 Adeo
1193 1531 1275 1557 nec
1296 1517 1489 1558 luxuriae

123 1590 363 1647 quicquam
399 1588 642 1639 crudelitas,
669 1604 753 1631 nec
785 1587 1032 1630 crudelitati
1071 1587 1239 1630 luxuria
1272 1589 1427 1631 obstat.

122 1767 141 1791 1
163 1773 285 1813 parta.
455 1786 457 1789 f
489 1765 510 1792 2
535 1765 612 1800 hic.
