1703 2961
239 77 293 127 25
678 88 731 142 Q.
767 87 972 132 CURTn
1005 88 1144 131 RUFi

240 215 333 242 mas
361 200 582 242 locaverat
611 207 772 257 gentes.
836 202 985 257 Ipsum
1015 217 1163 260 regem
1195 204 1240 245 in
1268 203 1424 246 eodem
1456 217 1594 246 cornu
1625 219 1645 242 4
1676 257 1680 263 .

242 272 553 313 dimicaturum
596 273 673 313 tria
712 272 828 314 milia
869 273 1140 316 delectorum
1175 277 1382 333 equitum,
1424 283 1589 318 assueta

241 344 438 400 corporis
468 345 678 393 custodia,
699 349 711 369 ¹
748 352 790 385 et
816 345 1026 400 pedestris
1057 347 1168 389 acies
1204 347 1486 405 quadraginta
1512 348 1592 389 mi-
1679 401 1683 406 θ

235 416 289 456 lia
327 417 632 472 sequebantur.
700 418 891 473 Hyrcani
930 418 1108 470 deinde,
1161 419 1369 476 Medique
1407 421 1590 476 equites:
1623 437 1638 462 s
1681 450 1683 468 2

236 488 304 529 his
349 489 534 545 proximi
581 496 826 530 ceterarum
875 490 1081 546 gentium,
1122 491 1235 534 ultra
1283 508 1356 535 eos
1382 497 1402 520 ²
1444 492 1591 533 dextra
1682 482 1684 497 ³

236 561 443 618 laevaque
482 561 691 617 dispositi.
758 562 855 604 Hoc
896 577 1065 618 agmen,
1091 563 1202 605 sicut
1230 565 1397 606 dictum
1428 571 1502 613 est,
1532 565 1592 604 in—

236 641 467 682 structum,
507 648 577 674 sex
615 634 730 675 milia
763 635 1053 677 iaculatorum
1081 635 1442 694 funditorumque
1476 643 1592 677 ante—

236 707 467 748 cedebant.
548 704 769 762 Quicquid
813 707 857 748 in
894 707 973 748 illis
1012 708 1212 764 angustiis
1251 709 1358 750 adiri
1404 715 1588 765 poterat,
1623 719 1643 744 0

236 778 524 834 impleverant
563 778 728 835 copiae,
761 794 1014 837 cornuaque
1042 781 1145 822 hinc
1168 781 1253 820 ab³
1290 781 1400 836 iugo,
1422 781 1537 822 illinc
1568 796 1591 821 a

236 851 348 891 mari
387 851 572 900 stabant,
608 866 791 892 uxorem
824 859 1102 908 matremque
1134 851 1242 907 regis
1291 859 1335 893 et
1373 852 1508 893 alium
1534 852 1593 893 se-

234 923 456 964 minarum
483 938 657 980 gregem
686 923 731 964 in
760 924 958 966 medium
995 939 1151 981 agmen
1179 930 1454 980 acceperant.

170 998 224 1041 24
288 996 534 1037 Alexander
576 994 847 1053 phalangem,
897 1012 981 1054 qua
1020 996 1126 1038 nihil
1164 997 1281 1053 apud
1323 995 1592 1038 Macedonas
1625 1014 1639 1038 7

233 1068 416 1110 validius
456 1076 562 1115 erat,
600 1068 645 1108 in
681 1068 828 1110 fronte
868 1069 1106 1110 constituit.
1202 1070 1416 1110 Dextrum
1453 1083 1591 1110 cornu

233 1140 443 1192 Nicanor,'
482 1139 784 1182 Parmenionis
823 1140 945 1191 filius,
987 1142 1210 1183 tuebatur:
1264 1141 1366 1182 huie
1404 1140 1592 1196 proximi

234 1213 409 1254 stabant
445 1212 636 1261 Coenos,
673 1220 718 1254 et
754 1212 996 1263 Perdiccas,
1039 1220 1083 1254 et
1119 1212 1351 1268 Meleager,
1382 1219 1426 1252 et
1455 1211 1594 1254 Ptole-

232 1300 397 1335 maeus,
443 1293 487 1326 et
524 1287 750 1338 Amyntas,
791 1285 854 1326 sui
895 1285 1076 1342 quisque
1114 1284 1296 1341 agminis
1330 1283 1473 1326 duces.
1538 1285 1590 1325 In
1623 1296 1641 1323 8
1696 1277 1697 1294 ³

233 1357 369 1408 laevo,
409 1357 528 1414 quod
568 1358 622 1398 ad
658 1373 780 1399 mare
819 1357 1080 1414 pertinebat,
1118 1357 1326 1398 Craterus
1351 1364 1396 1398 et
1421 1357 1595 1398 Parme-

232 1429 308 1470 nio
347 1437 491 1480 erant,
553 1430 627 1470 sed
666 1429 873 1471 Craterus
920 1429 1199 1471 Parmenioni
1240 1443 1392 1484 parere
1441 1429 1590 1470 iussus.
1696 1413 1699 1428 Ι

232 1501 414 1557 Equites
443 1501 497 1542 ab
526 1508 714 1558 utroque
747 1517 886 1543 cornu
908 1501 1058 1544 locati:
1093 1501 1294 1542 dextrum
1325 1500 1595 1543 Macedones

233 1573 448 1615 Thessalis
477 1574 686 1621 adiuncti,
704 1577 726 1601 4
766 1574 940 1614 laevum
964 1573 1268 1628 Peloponnesii
1293 1576 1308 1601 ⁵
1340 1573 1588 1614 tuebantur.
1698 1566 1701 1582 ’

229 1646 347 1687 Ante
379 1645 494 1687 hanc
528 1646 667 1688 aciem
698 1653 906 1702 posuerat
932 1644 1209 1688 funditorum
1244 1659 1440 1694 manum,
1468 1644 1589 1700 sagit·
1620 1660 1640 1689 9
1700 1655 1703 1695 ζ

231 1718 352 1759 tariis
400 1717 611 1760 admixtis.
693 1718 887 1760 Thraces
925 1732 1100 1773 quoque
1141 1724 1184 1758 et
1224 1717 1453 1759 Cretenses
1491 1723 1591 1758 ante
1701 1712 1703 1740 ¹

233 1805 390 1846 agmen
439 1791 573 1841 ibant,
622 1798 665 1832 et
703 1790 781 1846 ipsi
820 1790 972 1831 leviter
1009 1790 1178 1830 armati.
1253 1790 1312 1831 At
1350 1788 1427 1839 his,
1455 1790 1475 1814 ⁶
1514 1788 1648 1845 quim
1702 1777 1703 1827 J

229 1863 454 1919 praemissi
486 1878 509 1903 a
538 1863 685 1904 Dareo
719 1864 867 1919 iugum
896 1862 1060 1903 montis
1090 1862 1351 1910 insederant,
1382 1860 1592 1917 Agrianos

231 1935 451 1992 opposuit,
500 1950 549 1976 ex
595 1935 780 1977 Graecia
829 1948 970 1990 nuper
1007 1934 1225 1976 advectos.
1311 1933 1589 1975 Parmenioni

231 2015 379 2048 autem
406 2016 703 2065 praeceperat,
733 2016 781 2049 ut
799 2015 1014 2064 quantum
1043 2014 1203 2063 posset,
1235 2021 1390 2063 agmen
1421 2006 1475 2047 ad
1501 2020 1590 2046 ma-

230 2095 278 2121 re
315 2080 585 2130 extenderet3
643 2095 730 2137 quo
761 2079 930 2135 longius
959 2079 1129 2120 abesset
1159 2079 1272 2121 acies
1301 2083 1318 2105 ⁷
1350 2077 1588 2124 montibus,

231 2156 341 2210 quos
381 2158 706 2209 occupaverant
733 2151 922 2193 barbari,
977 2153 1037 2193 At
1066 2151 1122 2192 illi
1149 2166 1291 2207 neque
1319 2150 1492 2191 obstare
1521 2166 1588 2189 ve-
1606 2166 1645 2188 11
1687 2199 1693 2203 A

228 2224 464 2271 nientibus,
485 2239 566 2264 nec
587 2222 818 2265 circumire
831 2232 1173 2281 praetergressos
1193 2224 1294 2272 ausi,
1313 2222 1588 2263 funditorum

230 2297 420 2338 maxime
438 2303 619 2353 aspectu
646 2295 782 2336 territi
806 2296 1107 2353 profugerant:
1124 2297 1139 2321 ὃ
1174 2310 1308 2352 eaque
1321 2310 1388 2336 res
1411 2294 1589 2335 Alexan-

231 2369 314 2411 dro
343 2377 488 2411 tutum
515 2372 536 2396 9
573 2369 753 2426 agminis
791 2368 923 2416 latus,
957 2369 1076 2424 quod
1110 2384 1165 2410 ne
1189 2382 1376 2425 superne
1408 2367 1587 2409 incesse·

234 2492 250 2515 1
278 2491 486 2525 custodiae.
715 2492 734 2516 2
759 2492 897 2525 absunt
931 2490 1045 2524 verba
1079 2491 1175 2524 ultra
1201 2501 1277 2523 eos.
1503 2487 1522 2516 3
1551 2497 1582 2519 a.

321 2547 343 2576 4
369 2546 572 2581 ειάἰιιηοῐίς,
691 2547 710 2574 5
748 2546 1072 2591 Peloponnenses.
1189 2545 1207 2569 ⁶
1241 2545 1299 2578 iis.
1420 2543 1436 2570 7
1464 2541 1582 2575 abest.

324 2600 343 2628 8
368 2600 615 2645 profugerant
644 2600 772 2633 territi.
976 2600 996 2625 9
1029 2605 1149 2632 tutum
1177 2599 1406 2637 Alexandro.
