1703 2961
213 126 265 166 52
661 120 716 175 Q.
757 119 959 163 cunm
986 119 1127 162 mm

213 236 406 294 speratio
446 233 632 285 incessit,
671 232 948 275 cernentium
985 231 1259 290 profundum
1289 248 1423 286 mare,
1454 234 1576 292 quod

212 310 281 351 vix
319 308 463 350 divina
504 322 588 363 ope
628 313 777 363 posset
814 304 1005 361 impleri:
1045 319 1156 362 quae
1195 319 1293 346 saxa
1320 313 1413 348 tam
1442 313 1576 358 vasta,

214 395 321 438 quas
349 387 443 421 tam
473 393 679 435 proceras
712 377 890 418 arbores
918 392 1044 434 posse
1076 376 1285 433 reperiri?
1323 376 1577 419 exhaurien-

214 454 291 494 das
331 467 422 493 esse
462 450 674 506 regiones,
717 456 767 490 ut
807 448 911 490 illud
947 449 1137 506 spatium
1181 456 1527 505 exaggeraretur:
1554 453 1569 474 ¹

213 532 462 567 exaestuare
512 536 686 578 semper
729 520 918 568 fretum,
963 537 1139 578 quoque
1184 520 1320 562 artius
1356 520 1576 562 volutetur

214 598 324 638 inter
362 594 544 636 insulam
588 601 632 634 et
667 593 982 643 continentem,
1013 592 1100 635 hoc
1133 593 1273 635 acrius
1299 591 1459 633 furere.
1517 592 1634 636 Atn
1688 646 1691 655 Ι

213 669 284 710 ille
319 666 663 722 haudquaquam
700 664 820 706 rudis
857 666 1155 721 pertractandi
1181 669 1200 691 ²
1242 664 1448 706 militares
1488 665 1579 706 ani-

212 755 322 790 mos,
369 737 562 794 speciem
611 736 691 777 sibi
734 737 931 779 Herculis
978 737 1024 778 in
1061 752 1219 779 somno
1256 736 1451 778 oblatam
1486 751 1578 778 esse

211 809 482 870 pronuntiat,
524 808 723 849 dextram
762 808 1042 865 porrigentis:
1101 808 1173 849 illo
1214 808 1338 857 duee,
1377 809 1448 850 illo
1479 823 1579 865 ape-

211 885 350 926 riente
387 882 432 922 in
474 880 630 921 urbem
669 880 833 921 intrare
874 896 917 921 se
954 880 1107 922 visum.
1162 883 1285 920 Inter
1310 880 1421 922 haee
1453 880 1582 920 cadu-

213 963 410 999 ceatores
450 952 727 999 interfectos,
766 952 962 1009 gentium
1004 952 1097 993 iura
1139 952 1298 994 violata
1340 951 1580 993 referebat:

211 1044 345 1070 unam
388 1040 476 1067 esse
508 1023 679 1071 urbem,
720 1040 831 1080 quae
862 1040 1038 1066 cursum
1072 1024 1250 1065 victoris
1280 1022 1444 1064 morari
1477 1036 1579 1063 ausa

213 1106 336 1142 esset.
402 1096 602 1137 Ducibus
636 1095 793 1138 deinde
824 1097 1051 1149 negotium
1081 1096 1225 1142 datur,
1256 1103 1306 1136 ut
1333 1110 1434 1136 suos
1466 1094 1641 1151 quis-13
1688 1114 1691 1150 ᾗ

212 1188 297 1230 que
328 1168 525 1225 castiget:
557 1167 746 1223 satisque
790 1168 996 1209 omnibus
1040 1166 1285 1214 stimulatis,
1317 1181 1428 1222 opus
1457 1181 1580 1207 orsus
1688 1156 1689 1159 Ἴ

211 1251 289 1287 est.
355 1242 517 1297 Magna
556 1239 619 1280 vis
655 1254 860 1280 saxorum
894 1238 951 1279 ad
987 1252 1173 1279 manum
1211 1246 1328 1288 erat,
1358 1239 1478 1295 Tyro
1510 1252 1581 1278 ve-

210 1325 303 1358 tere
334 1313 595 1372 praebente:
632 1311 836 1353 materies
871 1326 921 1351 ex
958 1309 1128 1352 Libano
1156 1318 1311 1352 monte
1340 1309 1506 1351 ratibus
1536 1315 1581 1350 et

208 1387 404 1432 turribus
443 1382 656 1425 faciendis
704 1382 1015 1423 advehebatur.
1041 1383 1058 1411 ³
1156 1384 1339 1439 Iamque
1378 1396 1401 1422 a
1440 1380 1579 1421 fundo
1596 1401 1643 1433 19

210 1459 344 1503 maris
379 1457 425 1498 in
453 1455 731 1496 altitudinem
759 1453 986 1495 modicam
1007 1456 1030 1480 ⁴
1057 1470 1168 1509 opus
1198 1460 1405 1502 creverat,
1424 1453 1437 1480 ⁵
1471 1467 1581 1493 non-

211 1533 318 1575 dum
354 1537 506 1571 tamen
550 1541 688 1584 aquae
726 1525 948 1583 fastigium
989 1527 1264 1582 aequabat26
1307 1540 1409 1567 cum
1445 1524 1643 1579 Tyrii‚20

209 1602 352 1661 parvis
385 1599 562 1656 navigiis
600 1598 802 1647 admotis,
844 1613 925 1654 per
960 1597 1201 1638 ludibrium
1239 1595 1579 1654 exprobrabant,

209 1677 306 1718 illos
334 1673 467 1715 armis
491 1670 665 1713 inclitos
696 1670 828 1711 dorso
861 1670 974 1710 sicut
1003 1668 1200 1709 iumenta
1229 1683 1363 1710 onera
1394 1674 1580 1724 gestare:

210 1745 543 1801 interrogabant
579 1744 726 1792 etiam,
763 1756 873 1782 num
912 1740 1058 1782 maior
1090 1741 1304 1796 Neptuno
1333 1739 1581 1781 Alexander

211 1820 346 1861 esset?
367 1821 386 1844 ⁷
448 1816 571 1858 Haec
606 1815 699 1872 ipsa
730 1813 958 1855 insectatio
991 1812 1267 1856 alacritatem
1292 1812 1482 1853 militum
1513 1827 1583 1854 ac-

210 1891 373 1934 cendit.

148 1980 196 2020 11
293 1964 476 2018 Iamque
505 1960 688 2017 paulum
707 1958 724 1984 ⁸
757 1957 896 1999 moles
925 1960 1074 2015 aqua9
1109 1957 1344 2008 eminebat,
1373 1964 1417 1999 et
1447 1956 1638 2003 simul21

210 2035 372 2093 aggeris
403 2032 590 2074 latitudo
620 2031 857 2081 crescebat,
889 2030 1074 2087 urbique
1103 2024 1444 2073 admovebatur:
1477 2046 1580 2072 cum
1684 2014 1688 2028 ¹

209 2107 329 2165 Tyrii
369 2103 673 2158 magnitudine
711 2103 856 2151 molis,
898 2102 1020 2144 cuius
1048 2103 1373 2144 incrementum
1403 2116 1477 2143 eos
1507 2117 1580 2142 an-

207 2190 277 2223 tea
306 2184 350 2204 ¹0
393 2176 621 2224 fefellerat,
659 2182 909 2232 conspecta,
946 2174 1112 2216 levibus
1154 2172 1330 2230 navigiis
1375 2173 1578 2216 nondum

207 2363 223 2387 1
253 2363 507 2406 aggeraretur,
536 2366 623 2391 cum
644 2355 810 2390 additur
836 2363 884 2391 et.
972 2356 993 2382 2
1012 2355 1214 2390 tractandi.
1307 2354 1326 2383 3
1352 2354 1575 2389 vehebatur.

293 2415 316 2446 4
343 2411 496 2445 montis.
650 2411 669 2438 5
696 2418 924 2445 excreverat.
1093 2409 1113 2434 6
1132 2410 1217 2442 Huc
1240 2407 1446 2452 adiicitur,
1475 2408 1579 2455 quod

293 2479 360 2501 nos
385 2463 577 2499 codicibus
602 2464 773 2499 obsecuti
796 2466 1001 2512 aliquanto
1027 2473 1115 2510 post
1143 2463 1411 2497 collocavimus
1437 2471 1472 2497 et
1498 2476 1574 2509 quo

289 2520 442 2563 longius
481 2521 600 2551 ‚violes
639 2520 820 2563 agebatur
855 2531 876 2552 a
901 2519 1028 2561 litore,
1056 2518 1130 2551 hoc
1161 2517 1276 2563 magis
1304 2518 1486 2564 quicquid
1517 2519 1557 2551 in

286 2574 499 2616 gerelmus,
535 2575 746 2618 praealtum
779 2574 1010 2607 absorbebat
1041 2584 1157 2606 mare.
1300 2572 1316 2598 7
1348 2579 1442 2606 esset
1466 2572 1570 2605 Alex.

286 2629 303 2654 3
331 2628 543 2673 paululum.
751 2631 769 2652 ¹)
803 2639 954 2672 uquam.
1162 2626 1204 2650 10
1229 2632 1330 2659 anie.
