<?xml version="1.0" encoding="UTF-8"?>
<!DOCTYPE html PUBLIC "-//W3C//DTD XHTML 1.0 Transitional//EN"
    "http://www.w3.org/TR/xhtml1/DTD/xhtml1-transitional.dtd">
<html xmlns="http://www.w3.org/1999/xhtml" xml:lang="en" lang="en">
 <head>
  <title>
</title>
<meta http-equiv="Content-Type" content="text/html;charset=utf-8" />
  <meta name='ocr-system' content='tesseract 3.04.00' />
  <meta name='ocr-capabilities' content='ocr_page ocr_carea ocr_par ocr_line ocrx_word'/>
</head>
<body>
  <div class='ocr_page' id='page_1' title='image "./degestisalexandr00curtuoft_0122.png"; bbox 0 0 1703 2961; ppageno 0'>
   <div class='ocr_carea' id='block_1_1' title="bbox 154 178 1067 235">
    <p class='ocr_par' dir='ltr' id='par_1_1' title="bbox 154 178 1067 235">
     <span class='ocr_line' id='line_1_1' title="bbox 154 178 1067 235; baseline 0.005 -15"><span class='ocrx_word' id='word_1_1' title='bbox 154 181 208 226; x_wconf 70' lang='grc' dir='ltr'>τε</span> <span class='ocrx_word' id='word_1_2' title='bbox 606 179 660 235; x_wconf 82' lang='lat' dir='ltr'>Q.</span> <span class='ocrx_word' id='word_1_3' title='bbox 693 178 898 223; x_wconf 78' lang='lat' dir='ltr'>cURTn</span> <span class='ocrx_word' id='word_1_4' title='bbox 926 181 1067 225; x_wconf 73' lang='lat' dir='ltr'>Ruri</span> 
     </span>
    </p>
   </div>
   <div class='ocr_carea' id='block_1_2' title="bbox 84 291 1578 2586">
    <p class='ocr_par' dir='ltr' id='par_1_2' title="bbox 149 291 1519 564">
     <span class='ocr_line' id='line_1_2' title="bbox 154 291 1519 351; baseline 0.003 -17"><span class='ocrx_word' id='word_1_5' title='bbox 154 300 237 341; x_wconf 88' lang='lat' dir='ltr'>tur,</span> <span class='ocrx_word' id='word_1_6' title='bbox 268 291 512 332; x_wconf 85' lang='lat' dir='ltr'>multorum</span> <span class='ocrx_word' id='word_1_7' title='bbox 542 291 807 333; x_wconf 89' lang='lat' dir='ltr'>torrentium</span> <span class='ocrx_word' id='word_1_8' title='bbox 834 308 927 335; x_wconf 90' lang='lat' dir='ltr'>non</span> <span class='ocrx_word' id='word_1_9' title='bbox 947 308 1082 351; x_wconf 83' lang='lat' dir='ltr'>aquas</span> <span class='ocrx_word' id='word_1_10' title='bbox 1102 294 1257 345; x_wconf 90' lang='lat' dir='ltr'>solum,</span> <span class='ocrx_word' id='word_1_11' title='bbox 1285 295 1360 337; x_wconf 84' lang='lat' dir='ltr'>sed</span> <span class='ocrx_word' id='word_1_12' title='bbox 1385 295 1519 339; x_wconf 85' lang='lat' dir='ltr'>etiam</span> 
     </span>
     <span class='ocr_line' id='line_1_3' title="bbox 152 362 1517 424; baseline 0.004 -19"><span class='ocrx_word' id='word_1_13' title='bbox 152 380 249 405; x_wconf 82' lang='lat' dir='ltr'>saxa</span> <span class='ocrx_word' id='word_1_14' title='bbox 279 378 429 403; x_wconf 89' lang='lat' dir='ltr'>secum</span> <span class='ocrx_word' id='word_1_15' title='bbox 466 362 656 403; x_wconf 88' lang='lat' dir='ltr'>trahens.</span> <span class='ocrx_word' id='word_1_16' title='bbox 706 365 858 421; x_wconf 89' lang='lat' dir='ltr'>Itaque</span> <span class='ocrx_word' id='word_1_17' title='bbox 901 380 925 406; x_wconf 89' lang='lat' dir='ltr'>a</span> <span class='ocrx_word' id='word_1_18' title='bbox 971 366 1203 416; x_wconf 89' lang='lat' dir='ltr'>celeritate,</span> <span class='ocrx_word' id='word_1_19' title='bbox 1236 383 1320 424; x_wconf 91' lang='lat' dir='ltr'>qua</span> <span class='ocrx_word' id='word_1_20' title='bbox 1352 369 1517 420; x_wconf 81' lang='lat' dir='ltr'>defluit,</span> 
     </span>
     <span class='ocr_line' id='line_1_4' title="bbox 151 434 1517 498; baseline 0.005 -22"><span class='ocrx_word' id='word_1_21' title='bbox 151 435 270 491; x_wconf 71' lang='lat' dir='ltr'>Tigri</span> <span class='ocrx_word' id='word_1_22' title='bbox 308 450 474 476; x_wconf 86' lang='lat' dir='ltr'>nornen</span> <span class='ocrx_word' id='word_1_23' title='bbox 515 442 579 475; x_wconf 84' lang='lat' dir='ltr'>est</span> <span class='ocrx_word' id='word_1_24' title='bbox 620 434 819 486; x_wconf 85' lang='lat' dir='ltr'>inditum,</span> <span class='ocrx_word' id='word_1_25' title='bbox 857 436 957 494; x_wconf 85' lang='lat' dir='ltr'>quia</span> <span class='ocrx_word' id='word_1_26' title='bbox 988 437 1163 479; x_wconf 87' lang='lat' dir='ltr'>Persica</span> <span class='ocrx_word' id='word_1_27' title='bbox 1193 437 1339 495; x_wconf 79' lang='lat' dir='ltr'>lingua</span> <span class='ocrx_word' id='word_1_28' title='bbox 1368 440 1517 498; x_wconf 79' lang='lat' dir='ltr'>Tigrin</span> 
     </span>
     <span class='ocr_line' id='line_1_5' title="bbox 149 507 611 564; baseline -0.002 -16"><span class='ocrx_word' id='word_1_29' title='bbox 149 508 350 564; x_wconf 75' lang='lat' dir='ltr'><strong>sagittam</strong></span> <span class='ocrx_word' id='word_1_30' title='bbox 378 507 611 563; x_wconf 87' lang='lat' dir='ltr'>appellant.</span> 
     </span>
    </p>

    <p class='ocr_par' dir='ltr' id='par_1_3' title="bbox 84 572 1578 2586">
     <span class='ocr_line' id='line_1_6' title="bbox 84 572 1574 636; baseline 0.003 -16"><span class='ocrx_word' id='word_1_31' title='bbox 84 572 165 623; x_wconf 45' lang='lat'>38⁷</span> <span class='ocrx_word' id='word_1_32' title='bbox 231 580 365 636; x_wconf 78' lang='lat' dir='ltr'>Igitur</span> <span class='ocrx_word' id='word_1_33' title='bbox 405 579 550 636; x_wconf 87' lang='lat' dir='ltr'>pedes,</span> <span class='ocrx_word' id='word_1_34' title='bbox 587 578 705 619; x_wconf 85' lang='lat' dir='ltr'>velut</span> <span class='ocrx_word' id='word_1_35' title='bbox 741 578 899 620; x_wconf 88' lang='lat' dir='ltr'>divisus</span> <span class='ocrx_word' id='word_1_36' title='bbox 936 580 981 621; x_wconf 87' lang='lat' dir='ltr'>in</span> <span class='ocrx_word' id='word_1_37' title='bbox 1025 595 1204 631; x_wconf 89' lang='lat' dir='ltr'>cornua,</span> <span class='ocrx_word' id='word_1_38' title='bbox 1237 581 1512 626; x_wconf 89' lang='lat' dir='ltr'>circumdato</span> <span class='ocrx_word' id='word_1_39' title='bbox 1529 603 1574 629; x_wconf 82' lang='lat'>17</span> 
     </span>
     <span class='ocr_line' id='line_1_7' title="bbox 151 651 1515 710; baseline 0.003 -16"><span class='ocrx_word' id='word_1_40' title='bbox 151 653 372 710; x_wconf 89' lang='lat' dir='ltr'>equitatu,</span> <span class='ocrx_word' id='word_1_41' title='bbox 411 651 559 692; x_wconf 83' lang='lat' dir='ltr'>levatis</span> <span class='ocrx_word' id='word_1_42' title='bbox 593 665 724 706; x_wconf 86' lang='lat' dir='ltr'>super</span> <span class='ocrx_word' id='word_1_43' title='bbox 757 651 905 708; x_wconf 87' lang='lat' dir='ltr'>capita</span> <span class='ocrx_word' id='word_1_44' title='bbox 941 652 1095 703; x_wconf 87' lang='lat' dir='ltr'>armis,</span> <span class='ocrx_word' id='word_1_45' title='bbox 1135 651 1253 694; x_wconf 80' lang='lat' dir='ltr'>haud</span> <span class='ocrx_word' id='word_1_46' title='bbox 1293 669 1418 710; x_wconf 74' lang='lat' dir='ltr'>aegre</span> <span class='ocrx_word' id='word_1_47' title='bbox 1459 656 1515 698; x_wconf 91' lang='lat' dir='ltr'>ad</span> 
     </span>
     <span class='ocr_line' id='line_1_8' title="bbox 149 718 1578 782; baseline 0.003 -17"><span class='ocrx_word' id='word_1_48' title='bbox 149 718 291 782; x_wconf 66' lang='lat' dir='ltr'>ipsum</span> <span class='ocrx_word' id='word_1_49' title='bbox 335 724 506 765; x_wconf 85' lang='lat' dir='ltr'>alveum</span> <span class='ocrx_word' id='word_1_50' title='bbox 549 729 762 779; x_wconf 88' lang='lat' dir='ltr'>penetrat.</span> <span class='ocrx_word' id='word_1_51' title='bbox 844 725 1018 765; x_wconf 83' lang='lat' dir='ltr'>Primus</span> <span class='ocrx_word' id='word_1_52' title='bbox 1062 724 1176 765; x_wconf 85' lang='lat' dir='ltr'>inter</span> <span class='ocrx_word' id='word_1_53' title='bbox 1230 726 1398 781; x_wconf 77' lang='lat' dir='ltr'><strong>pedites</strong></span> <span class='ocrx_word' id='word_1_54' title='bbox 1441 743 1578 770; x_wconf 76' lang='lat' dir='ltr'>rcx18</span> 
     </span>
     <span class='ocr_line' id='line_1_9' title="bbox 150 795 1514 854; baseline 0.003 -16"><span class='ocrx_word' id='word_1_55' title='bbox 150 813 340 854; x_wconf 74' lang='lat' dir='ltr'>egressus</span> <span class='ocrx_word' id='word_1_56' title='bbox 368 795 412 837; x_wconf 91' lang='lat' dir='ltr'>in</span> <span class='ocrx_word' id='word_1_57' title='bbox 440 795 597 852; x_wconf 88' lang='lat' dir='ltr'>ripam,</span> <span class='ocrx_word' id='word_1_58' title='bbox 623 795 784 836; x_wconf 78' lang='lat' dir='ltr'>vadum</span> <span class='ocrx_word' id='word_1_59' title='bbox 808 795 1016 836; x_wconf 79' lang='lat' dir='ltr'>militibus</span> <span class='ocrx_word' id='word_1_60' title='bbox 1039 810 1189 846; x_wconf 86' lang='lat' dir='ltr'>manu,</span> <span class='ocrx_word' id='word_1_61' title='bbox 1221 799 1400 854; x_wconf 84' lang='lat' dir='ltr'>quando</span> <span class='ocrx_word' id='word_1_62' title='bbox 1431 816 1514 842; x_wconf 88' lang='lat' dir='ltr'>vox</span> 
     </span>
     <span class='ocr_line' id='line_1_10' title="bbox 149 867 1513 924; baseline 0.002 -14"><span class='ocrx_word' id='word_1_63' title='bbox 149 868 339 910; x_wconf 84' lang='lat' dir='ltr'>exaudiri</span> <span class='ocrx_word' id='word_1_64' title='bbox 381 883 473 908; x_wconf 91' lang='lat' dir='ltr'>non</span> <span class='ocrx_word' id='word_1_65' title='bbox 506 875 696 923; x_wconf 86' lang='lat' dir='ltr'>poterat,</span> <span class='ocrx_word' id='word_1_66' title='bbox 738 867 942 908; x_wconf 86' lang='lat' dir='ltr'>ostendit.</span> <span class='ocrx_word' id='word_1_67' title='bbox 1005 867 1093 908; x_wconf 80' lang='lat' dir='ltr'>Sed</span> <span class='ocrx_word' id='word_1_68' title='bbox 1121 868 1307 924; x_wconf 80' lang='lat' dir='ltr'>gradum</span> <span class='ocrx_word' id='word_1_69' title='bbox 1335 869 1513 913; x_wconf 87' lang='lat' dir='ltr'>firmare</span> 
     </span>
     <span class='ocr_line' id='line_1_11' title="bbox 144 939 1513 998; baseline 0.001 -15"><span class='ocrx_word' id='word_1_70' title='bbox 144 942 212 983; x_wconf 82' lang='lat' dir='ltr'>vix</span> <span class='ocrx_word' id='word_1_71' title='bbox 242 947 464 998; x_wconf 84' lang='lat' dir='ltr'>poterant,</span> <span class='ocrx_word' id='word_1_72' title='bbox 498 956 600 981; x_wconf 90' lang='lat' dir='ltr'>cum</span> <span class='ocrx_word' id='word_1_73' title='bbox 640 940 776 980; x_wconf 85' lang='lat' dir='ltr'>modo</span> <span class='ocrx_word' id='word_1_74' title='bbox 809 954 905 980; x_wconf 87' lang='lat' dir='ltr'>saxa</span> <span class='ocrx_word' id='word_1_75' title='bbox 938 939 1106 981; x_wconf 88' lang='lat' dir='ltr'>lubrica</span> <span class='ocrx_word' id='word_1_76' title='bbox 1135 940 1361 996; x_wconf 73' lang='lat' dir='ltr'>vestigium</span> <span class='ocrx_word' id='word_1_77' title='bbox 1392 942 1513 984; x_wconf 84' lang='lat' dir='ltr'>falle—</span> 
     </span>
     <span class='ocr_line' id='line_1_12' title="bbox 144 1011 1571 1071; baseline 0.001 -15"><span class='ocrx_word' id='word_1_78' title='bbox 144 1022 263 1064; x_wconf 84' lang='lat' dir='ltr'><strong>rent,</strong></span> <span class='ocrx_word' id='word_1_79' title='bbox 307 1013 443 1054; x_wconf 87' lang='lat' dir='ltr'>modo</span> <span class='ocrx_word' id='word_1_80' title='bbox 489 1011 684 1069; x_wconf 81' lang='lat' dir='ltr'>rapidior</span> <span class='ocrx_word' id='word_1_81' title='bbox 726 1012 841 1052; x_wconf 87' lang='lat' dir='ltr'>unda</span> <span class='ocrx_word' id='word_1_82' title='bbox 881 1012 1158 1053; x_wconf 78' lang='lat' dir='ltr'>subduceret.</span> <span class='ocrx_word' id='word_1_83' title='bbox 1241 1012 1506 1071; x_wconf 88' lang='lat' dir='ltr'>Praecipuus</span> <span class='ocrx_word' id='word_1_84' title='bbox 1526 1034 1571 1063; x_wconf 86' lang='lat'>19</span> 
     </span>
     <span class='ocr_line' id='line_1_13' title="bbox 146 1084 1515 1145; baseline 0 -17"><span class='ocrx_word' id='word_1_85' title='bbox 146 1093 240 1128; x_wconf 88' lang='lat' dir='ltr'>erat</span> <span class='ocrx_word' id='word_1_86' title='bbox 266 1085 393 1126; x_wconf 86' lang='lat' dir='ltr'>labor</span> <span class='ocrx_word' id='word_1_87' title='bbox 423 1100 591 1134; x_wconf 91' lang='lat' dir='ltr'>eorum,</span> <span class='ocrx_word' id='word_1_88' title='bbox 623 1084 696 1142; x_wconf 91' lang='lat' dir='ltr'>qui</span> <span class='ocrx_word' id='word_1_89' title='bbox 728 1084 924 1125; x_wconf 84' lang='lat' dir='ltr'>humeris</span> <span class='ocrx_word' id='word_1_90' title='bbox 956 1099 1088 1124; x_wconf 89' lang='lat' dir='ltr'>onera</span> <span class='ocrx_word' id='word_1_91' title='bbox 1104 1086 1365 1140; x_wconf 85' lang='lat' dir='ltr'>portabant:</span> <span class='ocrx_word' id='word_1_92' title='bbox 1390 1087 1515 1145; x_wconf 88' lang='lat' dir='ltr'>quip-</span> 
     </span>
     <span class='ocr_line' id='line_1_14' title="bbox 144 1156 1513 1216; baseline 0.001 -16"><span class='ocrx_word' id='word_1_93' title='bbox 144 1175 200 1216; x_wconf 89' lang='lat' dir='ltr'>pe</span> <span class='ocrx_word' id='word_1_94' title='bbox 240 1173 342 1200; x_wconf 89' lang='lat' dir='ltr'>cum</span> <span class='ocrx_word' id='word_1_95' title='bbox 387 1156 643 1212; x_wconf 85' lang='lat' dir='ltr'>semetipsos</span> <span class='ocrx_word' id='word_1_96' title='bbox 690 1171 838 1212; x_wconf 66' lang='lat' dir='ltr'>regere</span> <span class='ocrx_word' id='word_1_97' title='bbox 880 1172 972 1197; x_wconf 91' lang='lat' dir='ltr'>non</span> <span class='ocrx_word' id='word_1_98' title='bbox 1011 1164 1209 1211; x_wconf 82' lang='lat' dir='ltr'>possent,</span> <span class='ocrx_word' id='word_1_99' title='bbox 1253 1156 1296 1198; x_wconf 90' lang='lat' dir='ltr'>in</span> <span class='ocrx_word' id='word_1_100' title='bbox 1333 1159 1513 1215; x_wconf 83' lang='lat' dir='ltr'>rapidos</span> 
     </span>
     <span class='ocr_line' id='line_1_15' title="bbox 144 1228 1511 1288; baseline 0.001 -17"><span class='ocrx_word' id='word_1_101' title='bbox 144 1230 333 1288; x_wconf 72' lang='lat' dir='ltr'>gurgites</span> <span class='ocrx_word' id='word_1_102' title='bbox 367 1229 654 1269; x_wconf 89' lang='lat' dir='ltr'>incommodo</span> <span class='ocrx_word' id='word_1_103' title='bbox 697 1244 829 1270; x_wconf 88' lang='lat' dir='ltr'>onere</span> <span class='ocrx_word' id='word_1_104' title='bbox 862 1228 1189 1279; x_wconf 78' lang='lat' dir='ltr'>auferebantur,</span> <span class='ocrx_word' id='word_1_105' title='bbox 1221 1237 1265 1270; x_wconf 89' lang='lat' dir='ltr'>et</span> <span class='ocrx_word' id='word_1_106' title='bbox 1295 1230 1402 1270; x_wconf 90' lang='lat' dir='ltr'>dum</span> <span class='ocrx_word' id='word_1_107' title='bbox 1434 1246 1511 1272; x_wconf 88' lang='lat' dir='ltr'>sua</span> 
     </span>
     <span class='ocr_line' id='line_1_16' title="bbox 143 1300 1509 1361; baseline -0.001 -17"><span class='ocrx_word' id='word_1_108' title='bbox 143 1303 324 1361; x_wconf 85' lang='lat' dir='ltr'>quisque</span> <span class='ocrx_word' id='word_1_109' title='bbox 367 1300 505 1358; x_wconf 86' lang='lat' dir='ltr'>spolia</span> <span class='ocrx_word' id='word_1_110' title='bbox 555 1300 762 1357; x_wconf 81' lang='lat' dir='ltr'>consequi</span> <span class='ocrx_word' id='word_1_111' title='bbox 818 1301 984 1350; x_wconf 83' lang='lat' dir='ltr'>studet,</span> <span class='ocrx_word' id='word_1_112' title='bbox 1044 1301 1188 1341; x_wconf 88' lang='lat' dir='ltr'>maior</span> <span class='ocrx_word' id='word_1_113' title='bbox 1228 1301 1342 1342; x_wconf 86' lang='lat' dir='ltr'>inter</span> <span class='ocrx_word' id='word_1_114' title='bbox 1377 1301 1509 1358; x_wconf 83' lang='lat' dir='ltr'>ipsos,</span> 
     </span>
     <span class='ocr_line' id='line_1_17' title="bbox 142 1372 1510 1434; baseline -0.002 -18"><span class='ocrx_word' id='word_1_115' title='bbox 142 1391 277 1434; x_wconf 89' lang='lat' dir='ltr'>quam</span> <span class='ocrx_word' id='word_1_116' title='bbox 312 1390 413 1416; x_wconf 84' lang='lat' dir='ltr'>cum</span> <span class='ocrx_word' id='word_1_117' title='bbox 451 1388 592 1422; x_wconf 88' lang='lat' dir='ltr'>amne,</span> <span class='ocrx_word' id='word_1_118' title='bbox 639 1380 732 1413; x_wconf 92' lang='lat' dir='ltr'>orta</span> <span class='ocrx_word' id='word_1_119' title='bbox 767 1372 949 1414; x_wconf 86' lang='lat' dir='ltr'>luctatio</span> <span class='ocrx_word' id='word_1_120' title='bbox 993 1379 1068 1421; x_wconf 83' lang='lat' dir='ltr'>est,</span> <span class='ocrx_word' id='word_1_121' title='bbox 1102 1373 1353 1430; x_wconf 87' lang='lat' dir='ltr'>cumulique</span> <span class='ocrx_word' id='word_1_122' title='bbox 1380 1373 1510 1414; x_wconf 88' lang='lat' dir='ltr'>sarci-</span> 
     </span>
     <span class='ocr_line' id='line_1_18' title="bbox 139 1443 1568 1503; baseline -0.003 -13"><span class='ocrx_word' id='word_1_123' title='bbox 139 1463 299 1490; x_wconf 87' lang='lat' dir='ltr'>narum</span> <span class='ocrx_word' id='word_1_124' title='bbox 342 1445 504 1503; x_wconf 88' lang='lat' dir='ltr'>passim</span> <span class='ocrx_word' id='word_1_125' title='bbox 542 1443 760 1486; x_wconf 84' lang='lat' dir='ltr'>fluitantes</span> <span class='ocrx_word' id='word_1_126' title='bbox 799 1446 1029 1501; x_wconf 89' lang='lat' dir='ltr'>plerosque</span> <span class='ocrx_word' id='word_1_127' title='bbox 1058 1444 1352 1500; x_wconf 82' lang='lat' dir='ltr'>perculerant.</span> <span class='ocrx_word' id='word_1_128' title='bbox 1415 1446 1568 1490; x_wconf 84' lang='lat' dir='ltr'>Rex20</span> 
     </span>
     <span class='ocr_line' id='line_1_19' title="bbox 140 1516 1508 1569; baseline -0.002 -7"><span class='ocrx_word' id='word_1_129' title='bbox 140 1535 338 1569; x_wconf 80' lang='lat' dir='ltr'>monere,</span> <span class='ocrx_word' id='word_1_130' title='bbox 377 1525 424 1559; x_wconf 88' lang='lat' dir='ltr'>ut</span> <span class='ocrx_word' id='word_1_131' title='bbox 461 1517 562 1558; x_wconf 90' lang='lat' dir='ltr'>satis</span> <span class='ocrx_word' id='word_1_132' title='bbox 611 1517 828 1558; x_wconf 86' lang='lat' dir='ltr'>haberent</span> <span class='ocrx_word' id='word_1_133' title='bbox 862 1531 984 1557; x_wconf 83' lang='lat' dir='ltr'>arma</span> <span class='ocrx_word' id='word_1_134' title='bbox 1020 1516 1240 1566; x_wconf 88' lang='lat' dir='ltr'>retinere,</span> <span class='ocrx_word' id='word_1_135' title='bbox 1283 1526 1425 1559; x_wconf 84' lang='lat' dir='ltr'>cetera</span> <span class='ocrx_word' id='word_1_136' title='bbox 1463 1534 1508 1560; x_wconf 88' lang='lat' dir='ltr'>se</span> 
     </span>
     <span class='ocr_line' id='line_1_20' title="bbox 139 1588 1506 1646; baseline -0.004 -10"><span class='ocrx_word' id='word_1_137' title='bbox 139 1594 430 1635; x_wconf 86' lang='lat' dir='ltr'>redditurum.</span> <span class='ocrx_word' id='word_1_138' title='bbox 492 1589 579 1631; x_wconf 87' lang='lat' dir='ltr'>Sed</span> <span class='ocrx_word' id='word_1_139' title='bbox 620 1604 762 1646; x_wconf 80' lang='lat' dir='ltr'>neque</span> <span class='ocrx_word' id='word_1_140' title='bbox 802 1588 1045 1638; x_wconf 87' lang='lat' dir='ltr'>consilium,</span> <span class='ocrx_word' id='word_1_141' title='bbox 1085 1603 1229 1645; x_wconf 87' lang='lat' dir='ltr'>neque</span> <span class='ocrx_word' id='word_1_142' title='bbox 1270 1588 1506 1646; x_wconf 86' lang='lat' dir='ltr'>imperium</span> 
     </span>
     <span class='ocr_line' id='line_1_21' title="bbox 141 1660 1505 1721; baseline -0.003 -13"><span class='ocrx_word' id='word_1_143' title='bbox 141 1665 281 1721; x_wconf 85' lang='lat' dir='ltr'>accipi</span> <span class='ocrx_word' id='word_1_144' title='bbox 311 1669 504 1719; x_wconf 82' lang='lat' dir='ltr'>poterat:</span> <span class='ocrx_word' id='word_1_145' title='bbox 543 1661 827 1717; x_wconf 76' lang='lat' dir='ltr'>obstrepebat</span> <span class='ocrx_word' id='word_1_146' title='bbox 857 1660 960 1702; x_wconf 85' lang='lat' dir='ltr'>hinc</span> <span class='ocrx_word' id='word_1_147' title='bbox 987 1668 1150 1711; x_wconf 84' lang='lat' dir='ltr'>metus,</span> <span class='ocrx_word' id='word_1_148' title='bbox 1181 1669 1357 1717; x_wconf 85' lang='lat' dir='ltr'>praeter</span> <span class='ocrx_word' id='word_1_149' title='bbox 1385 1661 1505 1704; x_wconf 80' lang='lat' dir='ltr'>hunc</span> 
     </span>
     <span class='ocr_line' id='line_1_22' title="bbox 140 1732 1564 1792; baseline -0.001 -12"><span class='ocrx_word' id='word_1_150' title='bbox 140 1738 327 1780; x_wconf 76' lang='lat' dir='ltr'>invicem</span> <span class='ocrx_word' id='word_1_151' title='bbox 363 1734 617 1776; x_wconf 89' lang='lat' dir='ltr'>nutantium</span> <span class='ocrx_word' id='word_1_152' title='bbox 647 1737 658 1758; x_wconf 88' lang='lat'><em>¹</em></span> <span class='ocrx_word' id='word_1_153' title='bbox 711 1740 891 1774; x_wconf 90' lang='lat' dir='ltr'>mutuus</span> <span class='ocrx_word' id='word_1_154' title='bbox 931 1732 1109 1774; x_wconf 87' lang='lat' dir='ltr'>clamor.</span> <span class='ocrx_word' id='word_1_155' title='bbox 1176 1733 1378 1775; x_wconf 87' lang='lat' dir='ltr'>Tandem</span> <span class='ocrx_word' id='word_1_156' title='bbox 1420 1750 1564 1792; x_wconf 84' lang='lat' dir='ltr'>quaz1</span> 
     </span>
     <span class='ocr_line' id='line_1_23' title="bbox 136 1805 1503 1861; baseline -0.001 -9"><span class='ocrx_word' id='word_1_157' title='bbox 136 1809 301 1852; x_wconf 87' lang='lat' dir='ltr'>leniore</span> <span class='ocrx_word' id='word_1_158' title='bbox 352 1814 498 1848; x_wconf 88' lang='lat' dir='ltr'>tractu</span> <span class='ocrx_word' id='word_1_159' title='bbox 548 1805 689 1846; x_wconf 90' lang='lat' dir='ltr'>amnis</span> <span class='ocrx_word' id='word_1_160' title='bbox 733 1805 874 1861; x_wconf 85' lang='lat' dir='ltr'>aperit</span> <span class='ocrx_word' id='word_1_161' title='bbox 918 1805 1104 1855; x_wconf 83' lang='lat' dir='ltr'>vadum,</span> <span class='ocrx_word' id='word_1_162' title='bbox 1144 1821 1382 1858; x_wconf 88' lang='lat' dir='ltr'>emersere,</span> <span class='ocrx_word' id='word_1_163' title='bbox 1421 1823 1503 1850; x_wconf 87' lang='lat' dir='ltr'>nec</span> 
     </span>
     <span class='ocr_line' id='line_1_24' title="bbox 137 1877 1503 1940; baseline -0.001 -17"><span class='ocrx_word' id='word_1_164' title='bbox 137 1882 376 1940; x_wconf 86' lang='lat' dir='ltr'>quicquam</span> <span class='ocrx_word' id='word_1_165' title='bbox 435 1885 612 1935; x_wconf 87' lang='lat' dir='ltr'>praeter</span> <span class='ocrx_word' id='word_1_166' title='bbox 648 1892 811 1933; x_wconf 84' lang='lat' dir='ltr'>paucas</span> <span class='ocrx_word' id='word_1_167' title='bbox 855 1878 1047 1919; x_wconf 85' lang='lat' dir='ltr'>sarcinas</span> <span class='ocrx_word' id='word_1_168' title='bbox 1093 1877 1389 1919; x_wconf 87' lang='lat' dir='ltr'>desideratum</span> <span class='ocrx_word' id='word_1_169' title='bbox 1431 1888 1503 1921; x_wconf 86' lang='lat' dir='ltr'>est.</span> 
     </span>
     <span class='ocr_line' id='line_1_25' title="bbox 134 1949 1562 2008; baseline -0.001 -12"><span class='ocrx_word' id='word_1_170' title='bbox 134 1954 283 1996; x_wconf 89' lang='lat' dir='ltr'>Deleri</span> <span class='ocrx_word' id='word_1_171' title='bbox 323 1951 471 2008; x_wconf 86' lang='lat' dir='ltr'>potuit</span> <span class='ocrx_word' id='word_1_172' title='bbox 505 1949 729 1998; x_wconf 87' lang='lat' dir='ltr'>exercitus,</span> <span class='ocrx_word' id='word_1_173' title='bbox 765 1949 797 1989; x_wconf 94' lang='lat' dir='ltr'>si</span> <span class='ocrx_word' id='word_1_174' title='bbox 844 1949 939 2006; x_wconf 93' lang='lat' dir='ltr'>quis</span> <span class='ocrx_word' id='word_1_175' title='bbox 976 1949 1149 1991; x_wconf 88' lang='lat' dir='ltr'>vincere</span> <span class='ocrx_word' id='word_1_176' title='bbox 1187 1957 1312 1992; x_wconf 83' lang='lat' dir='ltr'>ausus</span> <span class='ocrx_word' id='word_1_177' title='bbox 1340 1955 1562 2002; x_wconf 85' lang='lat' dir='ltr'>esset‚²22</span> 
     </span>
     <span class='ocr_line' id='line_1_26' title="bbox 137 2021 1501 2083; baseline -0.001 -15"><span class='ocrx_word' id='word_1_178' title='bbox 137 2027 212 2068; x_wconf 85' lang='lat' dir='ltr'>sed</span> <span class='ocrx_word' id='word_1_179' title='bbox 240 2031 452 2083; x_wconf 87' lang='lat' dir='ltr'>perpetua</span> <span class='ocrx_word' id='word_1_180' title='bbox 490 2022 670 2064; x_wconf 82' lang='lat' dir='ltr'>fortuna</span> <span class='ocrx_word' id='word_1_181' title='bbox 706 2021 816 2078; x_wconf 74' lang='lat' dir='ltr'>regis</span> <span class='ocrx_word' id='word_1_182' title='bbox 857 2022 1011 2063; x_wconf 88' lang='lat' dir='ltr'>avertit</span> <span class='ocrx_word' id='word_1_183' title='bbox 1052 2022 1154 2064; x_wconf 90' lang='lat' dir='ltr'>inde</span> <span class='ocrx_word' id='word_1_184' title='bbox 1183 2021 1372 2065; x_wconf 85' lang='lat' dir='ltr'>hostem.</span> <span class='ocrx_word' id='word_1_185' title='bbox 1426 2025 1501 2067; x_wconf 84' lang='lat' dir='ltr'>Sic</span> 
     </span>
     <span class='ocr_line' id='line_1_27' title="bbox 139 2093 1501 2152; baseline -0.001 -13"><span class='ocrx_word' id='word_1_186' title='bbox 139 2097 397 2144; x_wconf 89' lang='lat' dir='ltr'>Granicum,</span> <span class='ocrx_word' id='word_1_187' title='bbox 435 2101 504 2135; x_wconf 85' lang='lat' dir='ltr'>tot</span> <span class='ocrx_word' id='word_1_188' title='bbox 545 2093 719 2135; x_wconf 88' lang='lat' dir='ltr'>milibus</span> <span class='ocrx_word' id='word_1_189' title='bbox 747 2093 945 2151; x_wconf 89' lang='lat' dir='ltr'>equitum</span> <span class='ocrx_word' id='word_1_190' title='bbox 983 2094 1271 2152; x_wconf 86' lang='lat' dir='ltr'>peditumque</span> <span class='ocrx_word' id='word_1_191' title='bbox 1307 2096 1351 2137; x_wconf 89' lang='lat' dir='ltr'>in</span> <span class='ocrx_word' id='word_1_192' title='bbox 1394 2097 1501 2138; x_wconf 85' lang='lat' dir='ltr'>ulte-</span> 
     </span>
     <span class='ocr_line' id='line_1_28' title="bbox 134 2166 1497 2223; baseline -0.001 -12"><span class='ocrx_word' id='word_1_193' title='bbox 134 2171 251 2212; x_wconf 86' lang='lat' dir='ltr'>riore</span> <span class='ocrx_word' id='word_1_194' title='bbox 283 2167 498 2210; x_wconf 87' lang='lat' dir='ltr'>stantibus</span> <span class='ocrx_word' id='word_1_195' title='bbox 528 2166 636 2222; x_wconf 84' lang='lat' dir='ltr'>ripa,</span> <span class='ocrx_word' id='word_1_196' title='bbox 666 2167 894 2222; x_wconf 83' lang='lat' dir='ltr'>superavit,</span> <span class='ocrx_word' id='word_1_197' title='bbox 923 2167 983 2208; x_wconf 89' lang='lat' dir='ltr'>sic</span> <span class='ocrx_word' id='word_1_198' title='bbox 1018 2167 1207 2223; x_wconf 77' lang='lat' dir='ltr'>angustis</span> <span class='ocrx_word' id='word_1_199' title='bbox 1238 2167 1283 2207; x_wconf 89' lang='lat' dir='ltr'>in</span> <span class='ocrx_word' id='word_1_200' title='bbox 1319 2167 1497 2210; x_wconf 89' lang='lat' dir='ltr'>Ciliciae</span> 
     </span>
     <span class='ocr_line' id='line_1_29' title="bbox 138 2238 1561 2285; baseline -0.001 -1"><span class='ocrx_word' id='word_1_201' title='bbox 138 2241 362 2285; x_wconf 78' lang='lat' dir='ltr'>collibus²</span> <span class='ocrx_word' id='word_1_202' title='bbox 419 2246 591 2280; x_wconf 84' lang='lat' dir='ltr'>tantam</span> <span class='ocrx_word' id='word_1_203' title='bbox 648 2238 978 2279; x_wconf 85' lang='lat' dir='ltr'>multitudinem</span> <span class='ocrx_word' id='word_1_204' title='bbox 1024 2238 1241 2280; x_wconf 78' lang='lat' dir='ltr'>hostium:</span> <span class='ocrx_word' id='word_1_205' title='bbox 1289 2241 1561 2285; x_wconf 83' lang='lat' dir='ltr'>audaciae&#39;23</span> 
     </span>
     <span class='ocr_line' id='line_1_30' title="bbox 137 2310 1500 2372; baseline -0.001 -17"><span class='ocrx_word' id='word_1_206' title='bbox 137 2329 325 2372; x_wconf 87' lang='lat' dir='ltr'>quoque,</span> <span class='ocrx_word' id='word_1_207' title='bbox 365 2327 451 2369; x_wconf 90' lang='lat' dir='ltr'>qua</span> <span class='ocrx_word' id='word_1_208' title='bbox 488 2311 678 2352; x_wconf 86' lang='lat' dir='ltr'>maxime</span> <span class='ocrx_word' id='word_1_209' title='bbox 711 2311 867 2367; x_wconf 73' lang='lat' dir='ltr'>viguit,</span> <span class='ocrx_word' id='word_1_210' title='bbox 905 2310 1018 2351; x_wconf 85' lang='lat' dir='ltr'>ratio</span> <span class='ocrx_word' id='word_1_211' title='bbox 1046 2311 1185 2351; x_wconf 89' lang='lat' dir='ltr'>minui</span> <span class='ocrx_word' id='word_1_212' title='bbox 1214 2318 1370 2366; x_wconf 88' lang='lat' dir='ltr'>potest,</span> <span class='ocrx_word' id='word_1_213' title='bbox 1399 2313 1500 2369; x_wconf 88' lang='lat' dir='ltr'>quia</span> 
     </span>
     <span class='ocr_line' id='line_1_31' title="bbox 136 2381 1502 2443; baseline -0.001 -15"><span class='ocrx_word' id='word_1_214' title='bbox 136 2401 366 2443; x_wconf 88' lang='lat' dir='ltr'>nunquam</span> <span class='ocrx_word' id='word_1_215' title='bbox 397 2385 442 2425; x_wconf 90' lang='lat' dir='ltr'>in</span> <span class='ocrx_word' id='word_1_216' title='bbox 472 2383 707 2425; x_wconf 90' lang='lat' dir='ltr'>discrimen</span> <span class='ocrx_word' id='word_1_217' title='bbox 734 2383 864 2432; x_wconf 77' lang='lat' dir='ltr'>venit,</span> <span class='ocrx_word' id='word_1_218' title='bbox 893 2398 947 2424; x_wconf 90' lang='lat' dir='ltr'>an</span> <span class='ocrx_word' id='word_1_219' title='bbox 978 2390 1144 2424; x_wconf 86' lang='lat' dir='ltr'>temere</span> <span class='ocrx_word' id='word_1_220' title='bbox 1170 2381 1360 2425; x_wconf 65' lang='lat' dir='ltr'>fccisset.</span> <span class='ocrx_word' id='word_1_221' title='bbox 1405 2385 1502 2426; x_wconf 82' lang='lat' dir='ltr'>Ma-</span> 
     </span>
     <span class='ocr_line' id='line_1_32' title="bbox 136 2454 1499 2515; baseline -0.002 -15"><span class='ocrx_word' id='word_1_222' title='bbox 136 2474 274 2508; x_wconf 75' lang='lat' dir='ltr'>zaeus,</span> <span class='ocrx_word' id='word_1_223' title='bbox 309 2457 396 2515; x_wconf 80' lang='lat' dir='ltr'>qui,</span> <span class='ocrx_word' id='word_1_224' title='bbox 427 2455 460 2497; x_wconf 90' lang='lat' dir='ltr'>si</span> <span class='ocrx_word' id='word_1_225' title='bbox 493 2455 818 2496; x_wconf 71' lang='lat' dir='ltr'>transeuntibus</span> <span class='ocrx_word' id='word_1_226' title='bbox 845 2454 1011 2496; x_wconf 76' lang='lat' dir='ltr'>flumen</span> <span class='ocrx_word' id='word_1_227' title='bbox 1029 2455 1358 2511; x_wconf 83' lang='lat' dir='ltr'>supervenisset,</span> <span class='ocrx_word' id='word_1_228' title='bbox 1379 2456 1499 2498; x_wconf 84' lang='lat' dir='ltr'>haud</span> 
     </span>
     <span class='ocr_line' id='line_1_33' title="bbox 138 2526 1497 2586; baseline -0.002 -14"><span class='ocrx_word' id='word_1_229' title='bbox 138 2531 269 2572; x_wconf 86' lang='lat' dir='ltr'>dubie</span> <span class='ocrx_word' id='word_1_230' title='bbox 308 2542 592 2586; x_wconf 87' lang='lat' dir='ltr'>oppressurus</span> <span class='ocrx_word' id='word_1_231' title='bbox 627 2526 712 2569; x_wconf 88' lang='lat' dir='ltr'>fuit</span> <span class='ocrx_word' id='word_1_232' title='bbox 748 2527 1080 2583; x_wconf 83' lang='lat' dir='ltr'>incompositos,</span> <span class='ocrx_word' id='word_1_233' title='bbox 1117 2527 1162 2568; x_wconf 87' lang='lat' dir='ltr'>in</span> <span class='ocrx_word' id='word_1_234' title='bbox 1189 2526 1282 2585; x_wconf 90' lang='lat' dir='ltr'>ripa</span> <span class='ocrx_word' id='word_1_235' title='bbox 1315 2527 1497 2570; x_wconf 87' lang='lat' dir='ltr'>demum</span> 
     </span>
    </p>
   </div>
   <div class='ocr_carea' id='block_1_3' title="bbox 135 2635 269 2642">
    <p class='ocr_par' dir='ltr' id='par_1_4' title="bbox 135 2635 269 2642">
     <span class='ocr_line' id='line_1_34' title="bbox 135 2635 269 2642; baseline 0 319"><span class='ocrx_word' id='word_1_236' title='bbox 135 2635 269 2642; x_wconf 95' lang='lat' dir='ltr'> </span> 
     </span>
    </p>
   </div>
   <div class='ocr_carea' id='block_1_4' title="bbox 136 2689 1492 2727">
    <p class='ocr_par' dir='ltr' id='par_1_5' title="bbox 136 2689 1492 2727">
     <span class='ocr_line' id='line_1_35' title="bbox 136 2689 1492 2727; baseline 0 -1"><span class='ocrx_word' id='word_1_237' title='bbox 136 2694 154 2718; x_wconf 89' lang='lat'>1</span> <span class='ocrx_word' id='word_1_238' title='bbox 182 2692 411 2726; x_wconf 82' lang='lat' dir='ltr'>natantium.</span> <span class='ocrx_word' id='word_1_239' title='bbox 596 2691 616 2717; x_wconf 87' lang='lat'>2</span> <span class='ocrx_word' id='word_1_240' title='bbox 643 2703 752 2725; x_wconf 75' lang='lat' dir='ltr'>ausus</span> <span class='ocrx_word' id='word_1_241' title='bbox 781 2698 875 2724; x_wconf 83' lang='lat' dir='ltr'>esset</span> <span class='ocrx_word' id='word_1_242' title='bbox 908 2691 1077 2727; x_wconf 83' lang='lat' dir='ltr'>vincere.</span> <span class='ocrx_word' id='word_1_243' title='bbox 1264 2689 1284 2722; x_wconf 82' lang='grc'><strong><em>3</em></strong></span> <span class='ocrx_word' id='word_1_244' title='bbox 1314 2692 1492 2726; x_wconf 77' lang='lat' dir='ltr'>callibus.</span> 
     </span>
    </p>
   </div>
   <div class='ocr_carea' id='block_1_5' title="bbox 1685 2078 1695 2109">
    <p class='ocr_par' dir='ltr' id='par_1_6' title="bbox 1685 2078 1695 2109">
     <span class='ocr_line' id='line_1_36' title="bbox 1685 2078 1695 2109; baseline 0 0"><span class='ocrx_word' id='word_1_245' title='bbox 1685 2078 1695 2109; x_wconf 79' lang='lat' dir='ltr'>ll</span> 
     </span>
    </p>
   </div>
  </div>
 </body>
</html>
