1703 2961
211 151 307 201 230²
659 152 717 208 Q.
756 151 958 196 CURTu
986 147 1126 195 mm
1168 151 1172 154 ’
1232 144 1241 150 ’

219 264 401 309 consilio
430 280 582 324 regem
615 266 837 308 deterrere
868 262 1124 322 coeperunt,
1152 261 1353 321 Erigyius
1379 259 1644 311 max'irne's--zx

222 338 296 394 qui
324 336 442 379 haud
471 353 574 378 sane
613 337 877 380 auctoritate
903 337 1138 394 proficiens
1167 336 1284 393 apud
1313 336 1585 377 obstinatum

224 410 438 460 animum,
477 409 850 466 superstitionem,
887 409 1009 468 cuius
1047 416 1204 466 potens
1250 422 1341 449 non
1374 415 1467 449 erat
1494 421 1580 457 rex,

224 481 420 523 incutere
442 482 684 537 temptavit,
715 479 918 532 dicende,
941 480 1046 522 deos
1075 495 1250 537 quoque
1279 481 1453 522 obstare
1486 495 1589 520 con-

224 554 330 604 silio,
341 569 639 610 magnumque
652 553 910 610 periculum,
934 553 966 594 si
978 553 1144 594 flumen
1158 553 1392 602 transisset,
1407 551 1590 593 ostendi.

221 625 409 669 Intranti
435 625 614 682 Erigyio
642 625 976 667 tabernaculum
1006 626 1116 682 regis
1145 625 1404 666 Aristander
1433 638 1645 666 occur-22
1680 669 1687 675 ,

224 691 354 747 rerat,
386 697 521 739 tristia
557 705 650 739 exta
680 697 811 739 fuisse
840 697 1107 754 significans:
1137 697 1246 740 haec
1274 713 1323 739 ex
1348 704 1445 738 vate
1473 711 1593 738 com-

225 778 350 827 perta
402 769 603 826 Erigyius
647 770 893 812 nuntiabat.
954 770 1056 824 Quo
1106 768 1307 817 inhibito,
1336 769 1658 818 Alexander,23

226 857 318 883 non
350 841 414 883 ira
456 841 611 892 solum,
654 842 729 884 sed
762 842 895 884 etiam
925 842 1098 898 pudore
1128 841 1345 891 confusus,
1375 840 1495 898 quod
1528 856 1595 880 su-

227 913 452 971 perstitio,
491 929 626 971 quam
666 915 906 962 celaverat,
944 913 1248 970 detegebatur,
1285 912 1593 955 Aristandrum

229 986 376 1029 vocari
411 986 546 1028 iubet.
615 986 700 1041 Qui
740 995 791 1028 ut
826 985 964 1035 venit,
1005 986 1178 1027 intuens
1215 1000 1340 1033 eum,
1372 989 1473 1029 Non
1503 1001 1662 1036 rex,24

229 1059 382 1116 inquit,
409 1061 489 1101 sed
517 1062 724 1114 privatus
751 1076 857 1101 snm.
906 1059 1182 1117 Sacrificium
1205 1069 1256 1100 ut
1265 1057 1458 1118 faceres,
1482 1075 1597 1099 man-

229 1134 339 1174 davi
347 1150 362 1183 ,·
397 1134 506 1188 quid
548 1149 597 1175 eo
636 1136 990 1187 portenderetur,
1030 1149 1105 1173 cur
1144 1134 1263 1186 apud
1292 1134 1446 1181 alium,
1471 1148 1597 1187 quam

231 1208 351 1259 apud
383 1222 447 1246 me
476 1203 702 1264 professus
728 1209 802 1247 es?
844 1208 1059 1260 Erigyius
1090 1221 1248 1246 arcana
1276 1221 1370 1245 mea
1397 1216 1440 1246 et
1466 1221 1597 1245 secre-

230 1291 289 1327 ta,
315 1290 358 1321 te
392 1281 618 1333 prodente,
643 1281 864 1331 cognovit.
910 1280 1045 1341 Quem
1079 1289 1240 1319 certum
1267 1279 1499 1318 mehercule
1517 1281 1602 1318 ha-

230 1354 307 1395 beo
351 1363 554 1394 extorum
609 1355 849 1406 interprete
894 1354 963 1393 uti
1005 1362 1120 1392 metu
1156 1366 1247 1392 suo.
1318 1352 1416 1391 Tibi
1449 1361 1657 1394 autem2s

231 1430 435 1483 quietius,
457 1428 470 1449 ¹
518 1441 648 1481 quam
675 1435 838 1480 potest,
880 1426 1101 1472 denuntio,
1129 1426 1251 1479 ipsi²
1282 1426 1391 1465 mihi
1420 1426 1600 1476 indices,

232 1502 355 1558 quid,
386 1499 539 1541 extis³
592 1501 870 1553 cognoveris,
916 1514 967 1539 ne
1008 1499 1154 1551 possis
1191 1496 1383 1555 infitiari
1417 1499 1601 1551 dixisse,

234 1590 342 1631 quae
379 1575 563 1615 dixeris.
632 1572 708 1616 lue
747 1570 970 1627 exsanguis
1007 1569 1288 1626 attonitoque
1331 1570 1480 1611 similis
1519 1578 1664 1618 sta-26

234 1647 326 1694 bat,
365 1660 446 1703 per
486 1652 658 1686 metum
694 1645 829 1687 etiam
875 1657 985 1685 voce
1034 1656 1282 1698 suppressa:
1331 1642 1606 1700 tandemque.

236 1719 395 1761 eodem
433 1725 556 1758 metu
592 1717 860 1764 stimulante,
892 1731 947 1757 ne
985 1714 1096 1771 regis
1125 1713 1476 1770 expectationem
1508 1730 1604 1755 mo-

235 1798 422 1840 raretur,
461 1791 634 1844 lifagni,
672 1789 828 1845 inquit,
865 1791 1041 1838 laboris,
1081 1803 1166 1829 non
1203 1789 1338 1833 irriti,
1371 1789 1604 1829 discrimen

238 1867 405 1907 instare
431 1865 661 1919 praedixi:
698 1878 770 1904 nec
807 1881 871 1904 me
896 1879 969 1904 ars
994 1863 1120 1902 mea⁴
1148 1877 1277 1916 quam
1308 1862 1602 1904 benivolencia
1618 1885 1664 1911 27

238 1939 480 1993 perturbat.
556 1937 866 1993 Infirmitatem
913 1938 1186 1978 valetudinis
1231 1945 1332 1977 tuae
1375 1937 1522 1984 video,
1559 1946 1605 1976 et

241 2023 445 2070 quantum
498 2015 544 2054 in
595 2026 676 2051 uno
713 2021 757 2051 te
805 2014 869 2053 sit
903 2013 1008 2052 scio.
1081 2009 1256 2057 Vereor,
1296 2026 1346 2050 ne
1383 2011 1607 2063 praesenti

228 2085 448 2147 fortunae
480 2097 582 2126 tuae
609 2081 815 2142 sufficere
841 2089 956 2127 uon⁵
987 2085 1146 2139 possis.
1185 2082 1279 2124 Rex
1309 2080 1471 2123 iussum
1504 2097 1667 2126 con-23

243 2159 377 2201 fidere
415 2157 611 2200 felicitati
651 2171 754 2198 suae
794 2158 974 2200 remisit.
1041 2155 1131 2198 Sibi
1170 2154 1288 2196 enim
1321 2154 1377 2196 ad
1408 2154 1488 2195 alia
1515 2154 1605 2211 glo-

243 2232 357 2273 riam
376 2233 395 2257 6
432 2230 678 2272 concedere
701 2228 817 2270 deos.
846 2228 1125 2271 Consultanti
1148 2227 1282 2269 inde⁷
1314 2243 1416 2268 cum
1438 2227 1667 2278 iisdem‚29

244 2315 441 2361 quonam
480 2301 618 2344 modo
655 2300 823 2342 flumen
858 2301 1107 2347 transirent,
1138 2299 1387 2356 supervenit
1415 2299 1610 2342 Aristan-

245 2377 336 2424 der,
368 2391 460 2417 non
497 2375 599 2417 alias
636 2374 814 2416 laetiora
849 2381 944 2415 exta
981 2373 1136 2415 vidisse
1174 2387 1218 2414 se
1261 2370 1498 2423 affirmans,
1527 2371 1611 2414 uti-

246 2514 264 2538 1
292 2514 352 2547 De
376 2514 613 2547 coniectura.
651 2510 772 2547 Codd.
800 2511 863 2556 qui
889 2510 1032 2555 sepius.
1063 2509 1186 2555 Vulgo
1213 2507 1334 2543 abest.
1467 2508 1486 2533 2
1513 2508 1608 2554 ipse.

336 2567 352 2596 3
383 2580 439 2601 ex
467 2567 572 2599 extis.
668 2567 690 2597 4
715 2577 786 2598 nec
814 2578 896 2597 nica
921 2577 976 2598 ars
1004 2585 1048 2591 —-
1074 2575 1134 2597 me
1160 2563 1368 2610 perturbat.
1453 2563 1474 2591 5
1498 2562 1607 2608 vulgo

335 2623 427 2654 staec
451 2620 581 2654 vocula
605 2628 689 2663 post
717 2631 765 2652 ne
787 2622 964 2664 ponitur.
1107 2617 1128 2644 ⁶
1153 2619 1214 2652 Sic
1239 2618 1347 2662 vulgo
1373 2615 1422 2651 cle
1445 2618 1606 2650 coniecc.

337 2674 458 2710 Corlcl.
486 2685 574 2708 suae
603 2674 651 2707 ad
677 2675 752 2708 alia
778 2674 849 2707 sibi
876 2674 920 2707 ad
947 2674 1107 2719 gloriam
1134 2671 1357 2706 concedere.
1407 2671 1426 2699 7
1453 2670 1604 2704 deinde.
