1703 2961
419 130 497 170 DE
527 130 725 169 GESTIS
753 124 1026 174 ALEx.-111‚
1067 125 1106 165 8.
1388 124 1440 164 13

88 244 209 287 liberi
238 243 358 298 regis,
396 249 439 282 ct
474 241 547 297 qui
577 240 824 281 educabant
851 253 936 287 em,
969 236 1304 292 spadonumque
1327 249 1440 291 grex,

28 315 206 358 24haud
243 329 346 359 sane
375 313 472 354 illis
502 312 718 368 gentibus
765 312 867 354 vilis.
898 303 901 305 ⁵
940 309 1058 349 'rum
1093 301 1234 363 regiae
1270 307 1442 364 pellices

88 394 309 429 trecentae
347 377 564 440 sexaginta
604 383 979 431 vehebantur,'et
1015 379 1131 434 ipsae
1162 379 1290 434 regali
1321 379 1442 421 cultu

88 452 353 513 ornatuque
415 456 520 498 Post
561 468 668 512 quas
708 454 941 510 pecuniam
979 451 1087 506 regis
1119 450 1305 491 sexcenti
1337 450 1443 491 muli

88 537 133 570 et
168 527 352 570 trecenti
389 527 543 572 cameli
588 526 830 573 vehebant,
870 523 1085 580 praesidio
1120 521 1444 578 sagittariorum

28 622 76 647 ας
92 606 397 656 prosequente.
465 597 831 654 ,Propinquorum
875 596 1206 651 amicorumque
1243 594 1447 649 coniuges

88 671 191 712 huic
221 670 380 726 agmini
421 670 656 725 p=0ximae‚
687 669 956 724 lixarumque
986 674 1029 707 et
1059 667 1263 707 calonum
1295 679 1443 721 greges

87 741 371 784 vehebantur.
433 738 591 782 'Ultimi
628 748 753 782 erant
790 756 889 782 cum
921 739 1006 780 suis
1037 738 1217 795 quisque
1245 736 1443 784 ducibus,

24 813 159 871 26qui
192 810 400 870 cogerent
436 827 605 869 agmen,
646 813 795 854 leviter
829 811 995 854 armati.
1066 808 1234 850 Contra
1278 808 1309 849 si
1349 808 1445 865 quis

88 885 237 927 aciem.
270 884 571 926 Macedonum
621 885 883 934 intueretur,
928 883 1075 937 dispar
1115 880 1246 921 facies
1273 885 1285 905 ¹
1338 888 1444 926 erat,

88 957 208 1013 equis
238 956 422 1013 virisque
451 972 541 997 non
571 971 690 1006 auro,
720 972 812 997 non
839 954 1040 996 discolori
1063 960 1192 1001 veste,
1222 950 1296 991 sed
1327 950 1446 991 ferro

27 1045 73 1070 27·
90 1035 218 1084 atque
257 1042 355 1068 aere
392 1027 665 1084 fulgentibus.
731 1020 901 1084 Agnien
939 1033 981 1066 et
1018 1033 1130 1067 stare
1170 1031 1374 1079 paratum
1403 1030 1447 1063 et

87 1099 221 1154 sequi,
251 1112 332 1138 nec
362 1099 498 1140 turba
537 1114 618 1140 nec
649 1099 827 1140 sarcinis
858 1110 1107 1154 praegrave,
1138 1095 1356 1136 intentum
1390 1094 1446 1135 ad

88 1169 210 1212 ducis
239 1184 330 1210 non
367 1169 536 1226 signum
573 1170 724 1219 modo,
764 1170 839 1211 sed
878 1169 1010 1210 etiam
1047 1175 1219 1208 nutum.
1287 1168 1347 1208 Et
1378 1182 1446 1208 ca-

24 1264 71 1291 23
86 1243 183 1284 stris
201 1241 348 1290 locus,
380 1249 424 1283 et
452 1241 656 1283 exercitui
688 1249 963 1283 commeatus
1001 1240 1305 1296 suppetebant.
1365 1239 1447 1280 Er-

85 1330 139 1372 go
158 1315 404 1356 Alexandro
436 1314 480 1354 in
506 1314 601 1355 acie
629 1313 753 1354 miles
782 1328 873 1354 non
897 1312 1056 1354 defuit:
1083 1313 1267 1359 Dareus,
1296 1319 1444 1353 tantae

85 1386 376 1428 multitudinis
415 1401 501 1435 rex,
540 1386 638 1436 loci,
683 1385 728 1425 in
769 1401 856 1442 quo
892 1384 1110 1442 pugnavit,
1150 1383 1352 1440 angustiis
1380 1398 1444 1425 re-

86 1457 240 1500 dactus
276 1466 339 1500 est
379 1457 433 1499 ad
470 1458 760 1514 paucitatem,
809 1473 944 1514 quam
992 1457 1036 1498 in
1084 1456 1211 1498 hoste
1248 1463 1444 1498 contem-

84 1537 245 1586 pserat.

18 1645 71 1675 xv.
166 1631 332 1671 Interea
372 1629 624 1681 Alexander,
665 1629 946 1672 Abistamene
984 1628 1293 1687 Cappadociae
1324 1645 1445 1687 prae-

83 1701 245 1758 posito,
293 1700 493 1743 Ciliciam
539 1710 691 1758 petens
738 1718 840 1743 cum
881 1703 1082 1743 omnibus
1122 1702 1270 1760 copiis,
1308 1702 1445 1759 regio-

83 1789 201 1823 nem,
237 1787 348 1830 quae
387 1781 523 1814 castra
563 1772 667 1830 Cyri
706 1773 961 1831 appellatur,
987 1783 1269 1831 pervenerat3
1317 1774 1445 1816 Stati-

83 1860 133 1885 va
175 1845 259 1887 illic
283 1847 303 1869 ²
342 1843 556 1886 habuerat
584 1845 744 1903 Cyrus,
783 1862 885 1889 cum
932 1847 1134 1888 adversus
1157 1849 1174 1876 ³
1227 1845 1442 1889 Croesum

53 1914 129 1962 2in
174 1915 357 1974 Lydiam
406 1916 600 1959 duceret.
680 1918 847 1959 Aberat
883 1933 931 1958 ea
970 1917 1087 1974 regio
1128 1918 1441 1976 quinquaginta

84 1988 221 2029 stadia
256 1987 311 2028 ab
356 1988 488 2038 aditu,
527 2004 615 2046 quo
658 1988 858 2031 Ciliciam
895 1987 1128 2031 intramus:
1163 1991 1287 2043 Pylas
1324 1991 1443 2033 inco-

83 2058 148 2100 lae
179 2060 332 2102 dicunt
366 2056 599 2102 artissimas
638 2058 799 2109 fauces,
836 2062 1122 2112 munimenta,
1161 2077 1272 2118 quae
1305 2078 1442 2104 manu

54 2131 303 2187 3ponimus,
332 2133 517 2173 naturali
549 2133 632 2173 situ
663 2133 873 2174 imitante.
919 2134 1056 2189 Igitur
1083 2134 1286 2175 Arsames
1303 2135 1340 2183 4,
1367 2132 1441 2191 qui

84 2201 263 2245 Ciliciae
297 2213 510 2260 praeerat,
548 2212 755 2261 reputans
796 2203 899 2261 quid
941 2205 1065 2246 initio
1099 2206 1197 2247 belli
1224 2205 1441 2247 Memnon

84 2273 291 2324 suasisset,
332 2275 557 2333 quondam
587 2277 758 2318 salubre
795 2275 1023 2320 conailium
1051 2293 1148 2318 sero
1179 2277 1329 2334 exequi
1360 2284 1442 2318 sta-

81 2346 184 2388 tuit:
223 2346 307 2403 igni
343 2347 548 2405 ferroque
591 2341 791 2390 Ciliciam
829 2354 977 2399 vastat,
1012 2356 1064 2391 ut
1101 2348 1217 2390 hosti
1247 2348 1440 2391 solitudi-

81 2432 185 2458 nem
221 2417 373 2460 faciat:
423 2419 631 2477 quicquid
679 2422 773 2463 usui
816 2424 1001 2478 potest⁵
1053 2436 1142 2463 esse
1179 2421 1435 2478 corrumpit,

80 2560 99 2585 1
127 2559 175 2595 dc
202 2564 439 2607 coniectura,
471 2566 565 2609 vulg.
593 2564 704 2599 acies.
885 2565 904 2592 2
929 2568 994 2602 ibi.
1181 2565 1201 2596 3
1227 2567 1435 2600 adversum.

168 2615 189 2645 4
213 2615 383 2651 Arsanes.
585 2622 604 2648 5
637 2632 715 2653 esse
746 2624 883 2666 potest.
