1703 2961
34 154 35 163 ἵ
402 100 482 141 ΒΕ
522 98 733 141 GESTIS
767 98 937 140 ALEX.
966 96 1041 144 lv,
1075 95 1140 137 31.
1395 95 1446 140 71

34 169 35 186 η

13 197 35 275 ‘J
91 228 176 271 que
213 211 507 253 ambientibus
545 211 686 260 ramis,
728 210 795 252 vix
836 212 878 251 in
921 210 1099 250 densam
1137 206 1341 248 umbram
1379 219 1447 247 ca-

12 282 27 343 ξ
89 285 219 326 dente
257 282 368 332 sole,
416 289 618 324 contecta
663 290 746 329 est,
783 282 996 338 multique
1035 279 1203 329 fontes,
1246 277 1445 320 dulcibus

28 352 70 399 Jt7
85 355 203 412 aquis
237 355 398 410 passim
431 353 724 402 manantibus,
765 354 887 394 alunt
917 354 1052 395 silvas.
1114 350 1237 393 Cocli
1267 364 1442 406 quoque

28 459 30 471 ι
82 427 194 468 mira
248 426 503 481 temperies,
574 441 708 467 verno
765 427 907 480 tepori
943 431 958 452 ⁸
1018 424 1207 465 maxime
1273 420 1439 469 similis,

26 513 229 542 :somnes
248 497 351 539 anni
373 506 519 554 partes
537 497 628 552 pari
655 497 907 538 salubritate
937 495 1166 553 percurrit.
1251 492 1441 534 Accolae

25 607 27 618 ,
79 570 192 612 sedis
227 576 331 610 sunt
363 568 418 609 ab
455 568 623 609 oriente
660 569 846 625 proximi
884 568 1166 623 Aethiopum.
1237 566 1286 606 In
1316 564 1443 604 meri-

24 622 27 682 !
80 642 198 683 diem
243 642 448 682 versum²
490 640 657 681 Arabes
696 648 920 697 spectant,
961 638 1246 695 Troglodytis
1282 650 1439 691 cogno·

3 714 25 773 j,
82 728 187 754 men
217 720 297 753 est:
336 712 500 753 horum
529 714 546 739 3
594 713 713 768 regio
753 729 888 770 usque
926 712 978 753 ad
1008 712 1194 753 rubrum
1222 722 1345 750 mare
1377 721 1425 748 ex

0 771 68 834 {¹¹9
83 784 229 827 currit.
292 785 353 825 At
389 799 475 841 qua
513 784 649 839 vergit
688 785 743 826 ad
782 785 1076 834 occidentem,
1104 783 1174 824 alii
1201 778 1440 835 Aethiopes

0 842 21 899 3
80 856 243 905 colunt,
276 870 386 912 quos
416 855 651 897 Scenitas⁴
680 866 853 899 vocant.
910 858 946 896 A
968 854 1282 913 septemtrione
1306 851 1440 893 Nasa-

0 937 21 1003 ἓν
76 943 233 969 mones
263 936 376 976 sunt,
404 941 507 983 gens
532 927 715 983 Syrtica,
747 929 1019 986 navigiorum
1039 926 1185 983 spoliis
1210 930 1440 981 quaestuo-

0 1005 145 1064 &¹20⁵ae
188 1000 350 1058 quippe
392 999 595 1040 obsident
631 999 775 1049 litora,
814 1008 859 1042 et
885 1008 1006 1042 aestu
1036 998 1242 1041 destituta
1272 993 1439 1049 navigia

0 1071 19 1125 §f
77 1072 194 1113 notis
223 1072 304 1112 Sibi
358 1069 480 1111 vadis
530 1080 766 1127 occupant.
833 1073 1009 1114 Incolae
1058 1068 1282 1119 nemoris,
1328 1079 1440 1122 quos

0 1133 18 1203 [ξ
77 1142 372 1185 Hammonios
408 1148 591 1189 vocant,
636 1143 837 1201 dispersis
872 1144 1055 1202 tuguriis
1087 1141 1310 1189 habitant,
1349 1150 1439 1178 me—

13 1250 16 1277 1
79 1217 200 1258 dium
237 1229 394 1256 nemus
430 1227 512 1270 pro
552 1228 652 1256 arce
685 1215 873 1268 habent,
900 1216 1061 1274 triplici
1090 1230 1222 1258 muro
1254 1212 1440 1254 circum·

0 1284 61 1403 3521
76 1288 244 1331 datum.
313 1286 461 1330 Prima
496 1287 686 1329 munitio
723 1296 1015 1345 tyrannorum
1052 1295 1249 1330 veterem
1274 1281 1439 1339 regiam

0 1377 7 1407 'l

0 1414 13 1508 ᾗ
73 1433 230 1475 licibus
268 1431 492 1480 habitant3
529 1430 601 1472 hic
643 1447 820 1489 quoque
857 1433 926 1474 dei
957 1432 1187 1474 oraculum
1225 1436 1307 1470 est:
1344 1424 1439 1466 ulti-

0 1223 16 1258 ‚a

76 1360 248 1403 clausit:
274 1359 321 1400 in
344 1358 544 1415 proxima
566 1359 772 1416 coniuges
793 1376 949 1402 eorum
981 1376 1081 1402 cum
1111 1358 1258 1401 liberis
1291 1363 1333 1397 et
1352 1351 1439 1410 pel-

0 1511 12 1560 ἢ
76 1519 150 1545 ma
207 1503 483 1544 munimenta
553 1503 789 1545 satellitum
847 1505 1256 1561 armigerorumque
1316 1497 1439 1540 sedes

13 1583 215 1621 nerant.
277 1576 358 1617 Est
391 1581 434 1615 et
458 1576 472 1600 ⁵
518 1574 635 1616 aliud
678 1577 943 1619 Hammonis
990 1590 1168 1617 nemus:
1208 1573 1255 1614 in
1289 1568 1438 1611 medio

75 1648 211 1690 habet
247 1647 435 1692 fontem,
477 1646 610 1696 <Solis
646 1651 849 1704 aquam⁶
891 1654 1054 1690 vocant
1068 1651 1096 1699 z)
1125 1646 1205 1688 sub
1234 1643 1343 1686 lucis
1374 1655 1441 1682 or-

0 1721 22 1770 Ρ,
44 1751 50 1756 -
75 1729 173 1770 tum
210 1719 358 1775 tepida
396 1725 561 1769 manat,
600 1720 750 1761 medio
791 1720 872 1770 die,
910 1720 1033 1763 cuius
1055 1723 1074 1745 ⁷
1117 1712 1443 1761 vehementissi*

0 1795 1 1798 ’
73 1807 174 1835 mus
214 1798 278 1834 est
306 1790 438 1841 calor,
470 1789 627 1847 frigida
659 1792 814 1834 eadem
841 1791 951 1840 fluit,
982 1792 1193 1835 inclinato
1220 1790 1264 1831 in
1293 1800 1441 1840 vespe-

1 1826 35 1925 Ι·
74 1881 172 1906 ram
212 1863 398 1910 calescit,
438 1862 586 1904 media
623 1870 757 1905 nocte
800 1863 968 1906 fervida
999 1870 1232 1912 exaestuat,
1263 1873 1440 1918 quoque

74 1953 164 1979 nox
200 1935 383 1993 propius
411 1936 427 1963 ⁸
469 1935 609 1991 vergit
640 1935 696 1976 ad
721 1935 881 1986 lucem,
912 1937 1105 1978 multum
1135 1951 1186 1977 ex
1215 1938 1440 1974 nocturno

78 2010 225 2052 calore
255 2008 482 2055 decrescit,
512 2008 655 2049 donee
687 2008 767 2049 sub
794 2008 940 2064 ipsum
974 2008 1055 2049 diei
1089 2015 1240 2050 ortum
1269 2009 1440 2046 assueto

17 2100 64 2129 23
79 2090 232 2137 tepore
248 2080 510 2136 languescat.
550 2081 611 2130 Id,
643 2080 800 2136 quod-⁹
823 2095 904 2136 pro
928 2081 1010 2121 deo
1040 2080 1213 2126 colitur,
1231 2091 1324 2118 non
1343 2088 1442 2115 ean-

81 2155 185 2196 dem
214 2151 402 2207 effigiem
440 2151 587 2200 habet,
621 2167 756 2208 quam
782 2152 910 2209 vulgo
942 2153 1021 2193 diis
1053 2150 1240 2192 artifices
1268 2160 1442 2188 accom-

0 2275 1 2281 1
78 2226 391 2268 modaverunt:
452 2224 662 2265 umbilico
710 2224 900 2265 maxime
953 2224 1102 2265 similis
1150 2230 1213 2264 est
1251 2219 1440 2266 habitus,

0 2296 310 2354 =24smaragdo
349 2304 393 2337 et
429 2297 614 2353 gemmis
650 2304 994 2353 coagmentatus.
1059 2297 1203 2345 Hunc,
1241 2306 1344 2335 cum
1379 2304 1444 2329 re-

83 2488 102 2512 1
128 2489 306 2532 tempori.
380 2487 402 2514 2
425 2498 566 2524 versus.
636 2487 657 2518 3
684 2500 861 2535 quorum.
924 2489 946 2519 4
971 2488 1035 2523 De
1059 2491 1305 2523 conieeeura:
1334 2486 1441 2520 eodd.

176 2542 341 2575 Simuos.
503 2544 523 2571 ⁵
551 2543 676 2578 etiam.
826 2542 847 2568 ⁶
871 2554 1011 2588 aquam
1035 2543 1138 2576 solis.
1291 2542 1308 2570 7
1341 2553 1440 2574 cum.

173 2595 190 2622 8
216 2596 373 2642 propius
400 2607 491 2631 nox.
693 2596 714 2624 9
741 2595 991 2631 desideratur
1026 2596 1131 2642 quod
1156 2598 1198 2629 in
1222 2595 1335 2631 libris
1358 2606 1443 2629 mss.
