1703 2961
459 109 541 151 DE
586 106 795 150 GESTJS
835 107 1002 148 ALEX.
1039 108 1113 157 IX,
1146 107 1210 148 18.
1426 108 1507 151 319

238 221 510 263 Perventum
530 219 687 262 deinde
709 225 772 259 est
791 202 844 258 ἀι]
865 218 1079 274 oppidum
1102 218 1445 275 Oxydmcarum,
1470 220 1576 273 in1g

154 291 275 348 quod
308 291 507 350 plerique
541 291 841 345 confugerant,
872 289 989 330 haud
1016 290 1183 330 maiore
1214 288 1371 332 fiducia
1396 307 1516 333 moe-

90 362 299 413 mnium,
347 378 480 418 quam
527 376 769 404 armorum.
843 365 938 402 Iam
985 361 1251 402 admovebat
1287 376 1371 411 rex,
1411 379 1513 405 cum

151 440 270 475 vates
307 449 490 476 monere
523 449 626 475 eum
657 432 812 487 coepit,
854 449 909 474 ne
942 434 1255 481 committeret,
1289 440 1364 473 aut
1395 442 1512 476 certe

151 505 348 547 differret
397 505 695 547 obsidionem:
742 504 854 545 vitae
907 505 998 545 eius
1036 502 1282 559 periculum
1328 506 1512 547 ostendi.

86 591 132 619 23
146 578 239 619 Rex
274 576 670 635 Dernophontem¹
712 575 765 627 (is
805 591 997 632 namque
1032 583 1150 616 vates
1179 579 1290 627 erat)
1322 576 1506 627 intuens,

150 652 203 691 Si
230 652 339 706 quis,
372 649 526 706 inquit,
557 660 601 691 te
631 650 722 689 arci
749 659 849 689 tuae
879 651 1090 690 incentum
1120 659 1164 690 ec
1192 659 1296 690 exta
1311 660 1509 702 spectan-

147 733 233 764 tem
263 725 328 764 sic
357 724 617 776 interpellet,
658 738 742 764 non
771 723 980 772 dubitem,
1008 724 1112 778 quin
1136 723 1428 762 incommodus
1457 739 1508 764 ασ

84 807 132 838 29
149 796 353 836 molestus
380 797 528 836 videri
563 796 648 837 cibi
684 797 842 850 possit.
908 793 968 835 Et
1008 808 1111 836 cum
1137 792 1204 833 ille
1236 792 1294 833 ita
1326 808 1504 849 prorsus

142 865 345 908 futurum
373 868 678 922 respondisset,
711 869 930 916 Censesne,
962 865 1116 922 inquit,
1146 875 1295 907 cantas
1324 881 1396 916 res,
1419 883 1504 910 non

142 942 354 994 pecudum
379 939 528 998 fibras
566 952 664 982 ante
695 943 838 983 oculos
866 941 1052 987 habenti,
1083 940 1214 979 ullum
1245 956 1334 980 esse
1365 943 1503 982 maius

143 1015 524 1067 impedimentum,
564 1030 692 1070 quam
737 1024 886 1054 vatem
946 1015 1252 1067 superstitione
1296 1017 1502 1066 captum?

83 1095 132 1123 30
147 1085 241 1126 Nec
269 1084 430 1125 diutius
457 1100 590 1141 quam
628 1085 857 1142 respondit
883 1092 1096 1131 moratus,
1126 1084 1351 1124 admoveri
1381 1085 1503 1127 iubet

140 1155 287 1205 scalas,
316 1157 714 1213 cunctantibusque
747 1157 902 1198 ceteris
934 1156 1078 1197 evadit
1106 1155 1152 1196 in
1177 1170 1370 1196 murum.
1411 1158 1501 1199 An-

139 1233 264 1282 gusta
291 1226 408 1267 muri
449 1242 615 1269 corona
655 1235 767 1269 erat:
804 1243 895 1269 non
921 1227 1081 1282 pinnae
1111 1226 1223 1268 sicut
1253 1227 1352 1268 alibi
1382 1227 1501 1270 fasti-

138 1298 259 1354 gium
297 1298 388 1339 eius
427 1299 732 1349 distinxerant,
769 1300 844 1341 sed
883 1306 1095 1355 perpetua
1137 1299 1271 1340 lorica
1303 1299 1498 1343 obducta

76 1380 120 1409 31
139 1370 373 1412 transitum
399 1377 605 1426 sepserat.
665 1372 815 1428 ltaque
843 1386 917 1412 rex
946 1370 1159 1412 haerebat
1185 1371 1333 1428 magis,
1363 1389 1496 1430 quam

139 1442 283 1484 stabat
311 1441 357 1483 in
384 1442 591 1499 margine,
625 1443 763 1499 clipeo
795 1442 988 1498 undique
1020 1443 1255 1484 incidentia
1284 1444 1498 1501 telalpro-

137 1513 333 1569 pulsans;
369 1528 474 1554 nam
512 1514 674 1571 ubique
715 1515 885 1555 eminus
926 1529 976 1554 ex
1016 1513 1209 1554 turribus
1247 1517 1494 1571 petebatur.

79 1586 234 1628 32Nec
266 1585 409 1626 subire
445 1584 602 1627 milites
641 1593 858 1642 poterant,
889 1587 990 1643 quia
1019 1601 1204 1642 superne
1233 1587 1274 1628 vi
1306 1588 1497 1632 telorum

139 1656 453 1698 obruebantur.
520 1657 722 1699 Tandem
762 1657 1111 1714 magnitudinem
1140 1659 1321 1715 periculi
1353 1661 1498 1716 pudor

136 1728 259 1770 vicit:
299 1728 462 1785 quippe
504 1730 758 1781 cernebant,
800 1729 1083 1772 cunctatione
1118 1745 1193 1771 sua
1233 1731 1332 1772 dedi
1362 1732 1496 1773 hosti-

78 1801 220 1845 33bus
249 1815 408 1856 regem.
466 1800 554 1842 Sed
581 1800 830 1843 festinando
860 1802 1151 1842 morabantur
1173 1802 1337 1844 auxilia.
1378 1805 1494 1845 Nam

136 1872 244 1913 dum
273 1884 354 1928 pro
386 1886 432 1913 se
460 1872 641 1929 quisque
674 1881 813 1915 certat
842 1873 1037 1922 evadere,
1070 1888 1305 1915 oneravere
1334 1876 1492 1926 scalas;

135 1943 231 2001 quis
266 1958 359 1984 non
399 1943 715 1986 sufficientibus
765 1945 956 1987 devoluti
997 1945 1174 1987 unicam
1223 1962 1347 2003 spem
1384 1948 1493 2004 regis

136 2014 399 2057 fefellerunt.
495 2017 652 2058 Stabat
689 2017 806 2058 enim
847 2017 891 2058 in
924 2025 1164 2074 conspectu
1195 2019 1303 2060 tanti
1336 2020 1493 2062 exerci-

133 2095 214 2139 tus,
246 2088 365 2129 velut
393 2089 438 2129 in
465 2089 698 2144 solitudine
730 2089 973 2131 destitutus.

78 2174 116 2206 v.
213 2160 395 2217 Iamque
429 2161 609 2212 laevam,
651 2177 734 2218 qua
766 2161 954 2218 clipeum
985 2161 1039 2203 ad
1071 2162 1182 2204 ictus
1211 2161 1550 2219 circumiere-49

131 2231 221 2284 bat,
245 2231 488 2283 lassaverat,
529 2233 818 2275 clamantibus
847 2234 1008 2285 amicis,
1044 2241 1094 2275 ut
1124 2235 1178 2275 ad
1205 2234 1320 2290 ipsos
1353 2236 1490 2276 desili—

132 2310 212 2356 ret,
249 2304 510 2361 stabantque
547 2305 789 2361 excepturi3
830 2321 933 2348 cum
970 2305 1037 2347 ille
1077 2321 1171 2347 rem
1213 2321 1340 2348 ausus
1387 2311 1483 2347 ost²

131 2373 433 2417 incredibilem
472 2384 604 2432 atque
635 2376 890 2427 inauditam,
917 2378 1145 2435 multoque
1176 2378 1312 2434 magis
1341 2378 1396 2419 ad
1424 2378 1487 2419 sa-

80 2469 102 2491 2
131 2460 254 2487 mam
286 2446 554 2498 temeritatis,
600 2462 733 2504 quam
769 2448 942 2504 gloriae,
990 2451 1214 2508 insignem.
1281 2451 1485 2507 Namque

127 2612 144 2636 1
171 2613 489 2660 Demophoonta.
690 2615 711 2641 2
734 2616 843 2652 ahc-sc
866 2617 959 2653 haec
984 2618 1127 2652 vocula.
