1703 2961
240 107 318 148 168
565 108 581 116 ”
693 105 998 162 Ω.ζ(]ΠΡιἹῚΙ
1029 104 1168 147 RUFI
1219 113 1223 117 ’

240 225 449 274 regnante
481 218 685 267 exularet,
727 226 771 260 et
807 217 984 274 hospitii
1013 215 1269 273 pignora'in
1297 231 1445 274 regem
1473 233 1601 262 suum

242 291 298 332 ad
324 290 529 331 ultimum
566 289 673 331 fides
707 298 968 331 conservata
1009 288 1224 330 vincebat.
1291 288 1494 331 Comiter
1530 291 1604 347 igi*
1634 305 1654 334 3

244 371 317 404 tur
360 370 574 419 exceptus,
620 365 680 403 Tu
719 362 903 417 quidem,
944 361 1101 417 inquit,
1138 376 1230 410 rex,
1271 364 1376 404 deos
1399 366 1597 418 quaeso‚,¹

242 447 455 492 perpetua
477 434 708 494 felicitate
731 432 913 491 floreas.
1001 437 1102 488 Ego
1137 436 1292 475 ceteris
1327 436 1486 483 laetus,
1523 438 1604 477 hoc

243 525 327 552 uuo
368 520 582 563 torqueor,
617 509 735 564 quod
766 509 1002 562 praecipiti
1041 517 1256 548 senectute
1295 508 1373 548 diu
1396 504 1501 564 frui
1529 519 1605 549 cua

243 585 440 625 bonitate
469 596 552 622 non
578 595 766 636 possum.
835 579 1183 635 Nonagesimum
1225 585 1270 619 et
1299 577 1509 634 quintum·
1533 593 1609 620 an·-

243 670 351 695 num
379 653 547 710 agebat.
619 653 792 694 Novem
833 652 1021 702 iuvenes,
1059 654 1248 692 omnes2
1281 650 1436 691 eadem
1464 658 1608 692 matre
1638 666 1670 698 4-

242 726 388 784 geniti,
417 733 592 782 patrem
623 723 973 767 comitabantur:
997 722 1078 763 hos
1091 723 1334 764 Artabazus
1367 722 1603 767 dexterae³

244 797 354 852 regis
395 797 605 842 admovit,
644 804 849 853 precatus
886 803 937 837 ut
972 803 1064 835 tam
1103 794 1176 835 diu
1214 794 1419 843 viverent,
1462 795 1605 837 donce

245 869 370 910 utiles
400 868 648 910 Alexandro
677 875 833 909 essent.
898 868 992 908 Rex
1028 865 1214 923 pedibus
1239 866 1322 907 iter
1349 866 1606 923 plerumque
1638 881 1672 913 5.,-

245 940 455 983 faciebat:
489 948 598 981 tunc
631 939 857 981 admoveri
886 938 965 980 sibi
996 945 1039 979 et
1062 938 1279 980 Artabazo
1312 953 1447 996 equos
1476 939 1611 989 iussit,

246 1028 302 1054 ne
339 1013 434 1070 ipso
484 1011 755 1070 ingrediente
797 1010 1001 1067 pedibus,
1051 1024 1180 1053 senex
1225 1025 1340 1068 equo
1381 1008 1480 1053 vehi
1516 1025 1611 1053 eru-

246 1086 457 1128 besceret.
1283 1130 1285 1132 μ

183 1162 233 1210 15
327 1157 391 1199 Ut
423 1155 618 1198 deinde⁴
655 1163 795 1196 castra
835 1161 937 1196 sunt
966 1154 1120 1211 posita,
1150 1153 1360 1202 Graecos,
1389 1169 1500 1211 quos
1529 1155 1613 1200 Ar-,
1640 1164 1666 1193 6
1690 1142 1692 1150 ¹

244 1228 426 1270 tabazus
457 1228 711 1277 adduxerat,
749 1227 986 1270 convocari
1022 1227 1163 1268 iubet:
1201 1233 1247 1267 at
1279 1225 1351 1274 illi,
1393 1225 1474 1267 nisi
1504 1224 1611 1268 fides

244 1299 611 1342 Lacedaemoniis
642 1313 819 1355 quoque
860 1305 904 1338 et
943 1298 1257 1355 Sinopensibus
1287 1298 1479 1346 daretur,
1495 1290 1516 1325 ἴ
1546 1312 1613 1339 re-

245 1373 481 1430 spondent,
510 1386 569 1423 se,
593 1370 700 1428 quid
737 1369 956 1426 agendum
993 1370 1094 1426 ipsis
1122 1370 1251 1419 foret,
1283 1370 1611 1411 deliberaturos.
1644 1414 1681 1421 ,.

245 1443 396 1501 Legati
429 1451 555 1485 erant
576 1441 1036 1484 Lacedaemoniorum
1065 1442 1183 1483 missi
1213 1442 1268 1483 ad
1286 1441 1496 1491 Dareum,
1522 1457 1610 1499 quo
1644 1460 1662 1487 7

246 1516 364 1559 victo
409 1513 747 1571 applicuerant⁶
790 1529 834 1555 se
865 1514 1045 1558 Graecis
1079 1513 1286 1556 mercede
1315 1513 1432 1567 apud
1460 1514 1612 1556 Persas

246 1587 546 1630 militantibus.
602 1589 706 1637 Rex,
737 1586 905 1628 omissis
931 1586 1218 1643 sponsionum
1239 1584 1433 1642 fideique
1461 1587 1611 1643 pigno-
1643 1602 1664 1631 9

247 1659 382 1710 ribus,
405 1660 553 1701 venire
594 1674 668 1700 eos
702 1659 843 1708 iussit,
882 1658 1110 1700 fortunam
1139 1672 1272 1714 quam
1307 1657 1395 1712 ipse
1426 1658 1613 1701 dedisset
1675 1689 1677 1692 ι

246 1732 491 1775 habituros.
557 1731 646 1772 Diu
682 1737 950 1781 cunctantes,
991 1729 1207 1786 plerisque
1238 1729 1415 1771 consilia
1444 1730 1612 1771 varian-

246 1806 378 1852 tibus,
408 1803 590 1846 tandem
628 1810 835 1844 venturos
872 1817 916 1842 se
944 1801 1221 1858 pollicentur.
1282 1802 1340 1842 At
1368 1802 1612 1843 Democra-
1640 1822 1664 1853 9

247 1886 313 1920 tes
341 1875 633 1922 Atheniensis,
666 1875 738 1931 qui
769 1875 958 1916 maxime
987 1872 1288 1914 Macedonum
1321 1873 1478 1930 opibus
1502 1888 1614 1915 sem-

247 1965 329 2009 per
367 1949 608 1997 obstiterat,
646 1947 770 1989 venia
809 1947 1062 2002 desperata,
1113 1946 1255 2002 gladio
1299 1960 1343 1986 se
1382 1944 1610 2002 transfigit.

252 2023 412 2072 Ceteri,
443 2021 555 2062 sicut
578 2020 911 2066 constituerant,
939 2018 1101 2061 dicioni
1123 2017 1359 2060 Alexandri
1387 2017 1502 2074 ipsos
1530 2021 1608 2060 se⁷

252 2080 531 2154 permittunt.
588 2091 717 2145 {Mille
757 2099 801 2133 et
829 2105 858 2132 D
890 2091 1050 2134 milites
1080 2097 1224 2133 erant:
1252 2098 1425 2146 praeter
1451 2089 1533 2132 hos
1561 2090 1680 2140 le-10

253 2168 339 2226 gati
378 2167 433 2208 ad
468 2165 664 2206 Dareum
703 2163 821 2205 missi
857 2176 951 2209 xc.<
994 2165 1046 2206 In
1089 2163 1443 2219 supplementum
1479 2161 1616 2211 distri7

253 2241 385 2282 butus
411 2237 547 2285 miles,
586 2236 718 2277 ceteri
755 2234 920 2277 remissi
960 2235 1170 2285 domum,
1200 2242 1375 2291 praeter
1399 2234 1615 2281 Lacedae:

253 2311 440 2361 monios,
469 2324 579 2367 quos
611 2307 724 2350 tradi
751 2308 796 2349 in
827 2307 1074 2350 custodiam
1103 2307 1234 2351 iussit.

255 2499 274 2523 1
301 2498 442 2532 absunt
470 2496 562 2529 haec
586 2494 663 2529 duo
693 2495 820 2530 verba.
1027 2494 1049 2519 2
1076 2493 1198 2528 abest.
1397 2493 1417 2524 3
1444 2494 1609 2527 dextrae.

344 2554 365 2582 4
390 2549 544 2584 Deinde
571 2557 625 2582 ut.
841 2549 860 2577 5
891 2547 963 2582 nisi
991 2547 1307 2583 Lacedaemoniis
1330 2547 1424 2582 fides
1450 2549 1614 2590 daretur,

346 2605 487 2639 absunt
511 2613 654 2637 cecem.
857 2601 877 2625 ⁶
904 2601 1203 2647 applicaverant.
1389 2603 1406 2630 7
1431 2614 1471 2637 se
1497 2603 1614 2649 ipsos.
