1703 2961
231 102 312 143 190
693 95 749 153 Q.
787 95 992 140 CURTu
1019 99 1160 142 RUFI

228 214 483 261 victoribus,
513 227 640 268 quam
669 212 816 260 victis,
837 215 1066 267 peregrina
1093 213 1244 266 lingua
1270 215 1479 258 discenda
1507 226 1587 258 esc·

227 291 332 329 IVon
374 287 606 326 mehercule
641 286 729 324 ista
769 299 833 323 me
873 288 1013 338 magis
1047 286 1243 334 laedunt5
1296 303 1423 342 qnam
1470 291 1587 344 quod
1603 295 1652 322 24
1685 290 1687 330 ζ

227 365 454 415 Amyntas,
482 360 716 399 Perdiccae
732 356 876 414 filius,
904 359 1144 398 insidiatus
1163 370 1224 400 est
1241 363 1358 412 regi;
1390 376 1483 401 cum
1509 377 1590 415 quo

227 437 344 491 quod
367 433 564 474 amicitia
581 427 729 487 fiterit
756 432 876 478 mihi,
905 447 988 472 uon
1015 447 1162 474 recuso
1179 431 1422 490 defendere,
1450 433 1590 491 sisra-

227 520 336 549 trem
366 508 482 559 regis
513 519 595 544 non
627 505 826 556 oportuit
854 505 991 556 diligi
1019 520 1045 544 a
1074 506 1207 546 nobis.
1269 507 1348 547 Sin
1377 517 1518 547 autem
1545 509 1589 547 in
1605 522 1651 549 25
1684 496 1688 543 J·

228 583 305 622 illo
324 578 539 639 fortunae
583 577 723 629 gradu
769 578 960 629 positum
1004 580 1137 617 etiarn
1184 581 1384 619 venerari
1422 595 1589 619 necesse

228 665 349 696 erat:
382 664 536 697 utrum,
569 664 740 704 quaeso,
767 651 882 704 quod
912 665 994 690 non
1025 651 1245 700 divinavi,
1276 668 1373 692 reus
1401 668 1504 700 sum,
1537 668 1592 692 an

227 729 458 782 impiorum
506 724 660 762 amicis
704 723 948 762 insontibus
995 738 1159 777 quoque
1197 727 1460 765 moriendum
1493 727 1593 765 esc?

233 803 363 866 Quod
395 801 436 840 si
472 811 650 851 aequum
693 806 772 842 est,
811 811 885 834 cur
922 797 1093 835 tamdiu
1131 799 1268 838 vivo?
1296 801 1339 838 si
1367 800 1589 846 iniustum,

224 891 299 916 cur
328 889 435 914 nunc
472 873 639 910 demum
681 869 886 908 occidor?
922 871 984 908 At
1022 871 1133 909 enim
1171 873 1354 924 scripsi,
1396 873 1591 912 misereri
1603 874 1655 903 26

224 966 289 989 me
319 962 474 993 eorum,
505 943 658 998 quibus
685 943 922 982 vivendum
951 952 1064 982 esset
1092 943 1170 982 sub
1201 959 1264 989 eo,
1294 945 1372 998 qui
1395 960 1442 984 se
1464 945 1590 985 Iovis

209 1022 361 1080 filium
401 1019 605 1059 crederet.
665 1016 798 1056 Fides
826 1017 1061 1064 amicitiae,
1093 1018 1191 1056 veri
1221 1018 1396 1057 consilii
1422 1020 1589 1072 pericu-

222 1097 320 1137 losa
348 1094 542 1139 libertas,
574 1104 651 1129 vos
688 1104 751 1127 me
780 1089 1042 1141 decepistis!
1073 1103 1165 1137 vos,
1198 1105 1306 1139 quae
1333 1091 1586 1139 sentiebam,

223 1186 275 1211 ne
305 1169 538 1211 reticerem,
568 1163 834 1217 impulistis!
866 1162 1104 1212 Scripsisse
1136 1178 1200 1201 me
1228 1160 1507 1221 llaec—fateor
1526 1179 1650 1208 re-27

222 1244 284 1296 gi,
316 1256 399 1281 non
428 1240 481 1278 de
510 1253 609 1290 rege
638 1236 878 1288 scripsisse.
946 1236 1050 1274 ZVon
1081 1238 1191 1274 enim
1206 1232 1434 1294 faciebam
1466 1239 1585 1281 invi-

223 1318 357 1362 diam,
387 1313 465 1353 sed
499 1326 580 1364 pro
619 1323 667 1349 eo
698 1307 914 1347 timebam.
972 1308 1174 1360 Dignior
1203 1310 1310 1346 milli
1338 1308 1588 1350 Alexander

222 1388 468 1433 videbatur,
500 1385 575 1439 qui
611 1383 737 1422 Iovis
761 1381 942 1432 stirpem
971 1382 1136 1420 tacitus
1166 1392 1428 1433 agnosceret,
1457 1397 1585 1437 qnam

223 1464 300 1519 qui
327 1459 656 1514 praedicatione
687 1457 887 1494 iactaret·
948 1454 1034 1492 Sed
1060 1456 1262 1508 quoniam
1284 1455 1450 1494 oraculi
1465 1455 1588 1512 fides
1603 1468 1648 1496 28
1678 1473 1679 1479 ¹

223 1547 343 1577 certa
373 1544 452 1581 est,
489 1532 553 1571 sit
589 1530 695 1568 deus
729 1543 885 1568 causae
921 1542 1037 1565 meae
1072 1529 1213 1566 testis.
1286 1529 1492 1568 Retinete
1522 1545 1587 1569 me

223 1613 270 1651 in
299 1607 500 1650 vinculis,
539 1604 639 1642 dum
678 1601 917 1641 consulitur
955 1601 1137 1642 Ammon
1175 1604 1407 1640 arcanum¹
1446 1614 1490 1642 ec
1520 1618 1585 1645 00-

222 1683 382 1724 cultum
411 1678 560 1718 scelus.
626 1675 823 1721 Interim,
863 1675 939 1728 qui
978 1689 1118 1726 regem
1154 1685 1348 1713 nostrum
1378 1677 1591 1728 dignatus

221 1768 288 1798 est
306 1755 480 1812 filium,
539 1748 744 1788 neminem
783 1762 938 1794 eorum,
972 1749 1048 1801 qui
1082 1747 1220 1798 stirpi
1247 1762 1351 1786 suae
1380 1750 1588 1791 insidiati

219 1842 334 1876 sunt,
365 1828 501 1866 latere
523 1822 733 1875 patietur.
780 1821 830 1859 Si
859 1821 1046 1859 certiora
1076 1820 1264 1859 oraculis
1294 1821 1477 1862 creditis
1492 1839 1582 1864 esse
1598 1845 1645 1876 29
1671 1868 1676 1880 ⁴

221 1910 453 1946 tormenta,
490 1912 541 1937 ne
579 1897 689 1935 hanc
718 1893 890 1948 quidem
921 1891 1187 1932 exhibendae
1217 1895 1426 1934 veritatis
1439 1894 1584 1954 fldem
1674 1882 1675 1892 γ

221 1983 441 2031 deprecor.

157 2054 211 2097 40
306 2050 454 2091 Solent
490 2043 554 2082 rei
590 2041 755 2093 capitis
792 2038 996 2078 adhibere
1022 2037 1151 2078 vobis
1177 2047 1392 2091 parentes.
1449 2040 1584 2083 ‚Duos
1599 2061 1647 2088 30
1674 2038 1675 2058 ;

206 2123 387 2183 fratres
427 2131 505 2171 ego
539 2129 674 2167 nuper
710 2114 862 2159 amisi;
899 2121 1072 2164 patrem
1112 2127 1187 2151 nec
1225 2113 1448 2152 ostendere
1482 2129 1580 2167 pos-
1666 2127 1672 2171 ἔ

219 2213 327 2245 sum,
353 2209 427 2235 nec
467 2193 670 2230 invocare
709 2187 866 2234 audeo,
904 2200 996 2224 cum
1037 2193 1081 2223 et
1119 2186 1214 2237 ipse
1245 2186 1364 2224 tanti
1389 2187 1583 2227 criminis
1666 2180 1671 2212 ἵ

220 2286 315 2312 reus
343 2270 419 2309 sit.
478 2264 641 2303 Parum
675 2269 743 2299 est
777 2260 903 2306 enim,
933 2267 1003 2298 Cot
1033 2259 1158 2298 modo
1186 2257 1397 2296 ll’berumz
1428 2274 1640 2311 paren-31
1665 2218 1671 2311 ἱ

220 2354 322 2394 tem,
366 2343 412 2380 in
451 2338 574 2377 unico
603 2333 710 2392 filio
751 2333 1100 2387 acquiescentem,
1142 2345 1189 2372 eo
1226 2345 1392 2385 quoque
1422 2331 1584 2378 orbari,
1666 2314 1669 2359 f

219 2415 338 2459 nisi³
370 2416 465 2467 ipse
501 2411 547 2449 in
580 2422 729 2460 rogum
768 2420 903 2444 meum
931 2406 1181 2458 imponitur.
1240 2405 1376 2456 Ergo,
1406 2406 1641 2448 carissi-32

219 2506 284 2530 me
312 2497 455 2543 pater,
485 2492 529 2523 et
555 2489 739 2536 propter
762 2493 826 2518 me
854 2479 1065 2527 morieris,
1095 2487 1141 2518 et
1175 2492 1344 2517 mecum.
1399 2479 1500 2532 Ego
1529 2479 1583 2520 ci-

221 2610 240 2634 1
264 2616 315 2650 in
339 2622 534 2648 arcanum.
738 2605 760 2632 2
785 2604 1011 2638 liberorum.
1209 2602 1229 2633 3
1257 2602 1311 2637 ni,
