1703 2961
199 133 287 176 ‘121³
654 128 961 188 Q.CURT11
988 134 1131 178 RUFI
1239 170 1243 172 .
1662 139 1666 164 ¹

205 248 359 288 dinem·
386 259 488 288 mxx
529 246 698 288 stadia¹
741 247 979 303 procurrit.
1039 248 1136 290 Hoc
1177 244 1357 291 dorsum
1394 265 1417 292 a
1450 251 1562 293 Cau'-
1664 250 1667 289 ἰ

206 335 307 363 caso
338 328 491 361 monte
529 321 581 360 ad
618 319 804 360 rubrum
832 335 964 360 ·mare
995 323 1205 376 pertinet3
1255 332 1428 385 quaque
1459 323 1561 365 defi-
1591 335 1613 364 6
1664 334 1682 372 7¹

202 395 263 434 «tit
290 409 431 441 mons,
463 393 577 433 aiiud
616 391 958 438 munimentum,
994 392 1173 440 fretum,
1214 393 1440 436 obiectum
1480 403 1556 437 e'st.

201 461 413 507 Planities⁴
434 465 590 505 deinde
619 464 698 504 sub
733 463 949 505 radicibus
981 465 1201 506 montium
1242 466 1430 522 spatiosa
1458 482 1559 524 pro-

201 533 385 584 cumbit,
411 536 575 577 *fertilis
614 542 750 585 terra,
786 536 1023 593 multisque
1061 537 1167 579 vicis
1214 545 1344 594 atque
1380 538 1560 580 urbibus

197 606 418 666 frequens.
475 609 639 648 Araxes
675 607 820 649 amnis
857 623 938 664 per
971 608 1053 649 hos
1093 624 1273 665 campos
1314 611 1559 652 multorum
1593 626 1608 652 ⁷
1666 624 1670 655 t

200 697 334 739 aquas
361 679 626 722 torrentium
658 679 825 720 *evolvit
850 680 895 721 in
922 680 1130 721 Medum:
1161 682 1319 723 Medus
1350 681 1405 725 ad
1435 698 1556 724 mare

198 754 254 794 ad
283 753 546 793 meridiem²
589 766 748 801 versus,
778 752 927 793 minor
955 752 1094 793 amnis
1125 768 1178 794 eo
1211 770 1344 811 quern
1374 755 1557 811 accepit,

198 823 416 875 evehitur,
453 824 782 882 gignendaeque
822 823 987 865 herbae
1022 839 1114 865 non
1149 825 1255 866 alius
1295 834 1359 867 est
1399 828 1557 884 aptior,
1590 838 1608 866 8
1667 819 1672 867 f

198 897 408 955 quicquid
445 896 568 939 alluit
601 896 782 937 floribus
823 895 1022 937 vestiens.
1092 896 1259 938 Platani
1299 913 1474 955 quoque
1514 907 1558 941 et
1668 885 1671 894 Ι

193 969 345 1026 populi
371 976 611 1025 contegunt
632 969 761 1024 ripas,
796 969 857 1009 ita
890 975 939 1009 ut
967 969 1124 1024 procul
1151 970 1389 1012 visentibus
1419 971 1558 1012 conti:

193 1049 326 1083 nuata
363 1041 594 1082 videantur
629 1041 855 1082 montibus
893 1056 1075 1082 nemora
1106 1026 1319 1098 riparum.
1381 1043 1558 1099 Quippe

175 1112 487 1155 'obumbratus
523 1114 664 1155 amnis
704 1129 854 1170 presso
886 1114 931 1154 in
963 1114 1105 1155 solum
1137 1114 1258 1155 alveo
1288 1115 1516 1165 dilabitur,
1537 1117 1553 1143 ³

193 1184 516 1242 imminentque
547 1186 689 1235 colles,
720 1186 799 1241 ipsi
828 1200 1004 1242 quoque
1033 1186 1267 1227 l‘rondibus
1294 1185 1410 1234 laeti,
1442 1187 1557 1228 radi-

195 1273 266 1299 ces
307 1263 462 1298 eorum
502 1257 691 1298 humore
732 1257 958 1298 subeunte.
1037 1258 1174 1314 Regio
1216 1274 1307 1299 non
1343 1258 1425 1299 alia
1463 1266 1557 1299 tota
1591 1271 1612 1302 9

192 1329 292 1370 Asia
326 1329 542 1370 salubrior
571 1329 783 1370 habetur:
820 1333 1078 1386 temperat4
1122 1330 1294 1370 coelum
1326 1329 1431 1372 hinc
1462 1345 1558 1386 per-

190 1409 378 1459 petuum
403 1401 555 1457 ‘iugum
579 1416 769 1458 opacum
801 1408 845 1442 et
874 1402 1148 1449 umbrosum,
1184 1401 1305 1458 quod
1330 1409 1472 1443 aestus
1500 1402 1557 1444 le-

191 1481 277 1524 vat,
307 1473 423 1515 illinc
464 1488 588 1514 mare
619 1474 891 1525 adiunctum,
930 1473 1050 1530 quod
1082 1473 1261 1515 modico
1289 1481 1444 1531 tepore
1475 1481 1558 1516 ter-

190 1561 261 1588 ras
288 1545 423 1588 fovet.

131 1620 181 1665 14
276 1619 354 1660 His
385 1618 580 1675 captivus
623 1618 858 1675 expositis⁵
904 1618 1195 1674 interrogatus
1239 1632 1262 1658 a
1294 1608 1622 1672 rege,‘audi-10
1672 1638 1673 1641 =

192 1699 299 1733 tune
330 1705 386 1731 an
416 1691 554 1733 oeulis
590 1698 819 1747 comperta
858 1689 1054 1738 haberet,
1105 1705 1215 1746 quae
1246 1688 1435 1731 diceret?
1484 1704 1558 1744 pa-

192 1772 358 1805 storem
398 1778 441 1803 se
488 1762 640 1813 fnisse,
689 1771 734 1804 ct
771 1777 925 1803 omnes
969 1762 1072 1801 eas6
1113 1762 1240 1801 calles
1276 1760 1557 1817 percurrisse,

192 1835 441 1892 respondit:
480 1834 546 1875 his
588 1842 780 1889 captum,
819 1834 953 1875 semel
993 1849 1015 1874 a
1058 1832 1196 1873 Persis
1228 1832 1271 1872 in
1300 1832 1449 1885 Lycia,
1481 1832 1558 1875 ite-

190 1924 292 1949 rum
325 1907 379 1948 ab
422 1907 532 1963 ipso.
596 1906 725 1948 Subit
763 1907 963 1947 animum
994 1904 1210 1945 memoria
1240 1904 1350 1960 regis
1377 1905 1556 1946 oraculo
1574 1921 1615 1944 11
1672 1908 1674 1921 '

192 1981 335 2021 editae
381 1979 528 2020 sortis:
573 1978 736 2035 quippe
776 1977 1019 2022 consulenti
1052 1991 1312 2032 responsum
1342 1985 1448 2028 erat,
1480 1977 1558 2019 du-
1672 1963 1675 1969 ¹

194 2068 291 2094 cem
327 2052 373 2093 in
421 2050 647 2092 Persidem
687 2051 868 2092 ferentis
913 2049 1008 2091 viae
1044 2049 1231 2107 Lycium
1267 2047 1408 2090 civem
1442 2048 1552 2091 fore.

189 2127 328 2181 Igitur
356 2123 593 2180 promissis,
634 2130 798 2179 quanta
843 2129 887 2162 et
924 2135 1129 2177 praesens
1156 2120 1387 2162 necessitas
1418 2121 1615 2178 exige-12

191 2197 277 2246 bat,
309 2203 352 2237 et
392 2195 524 2252 ipsius
563 2194 743 2236 fortuna
783 2193 996 2250 capiebat,
1030 2199 1275 2240 oneratum,
1308 2193 1467 2234 armari
1497 2193 1560 2233 iu-

192 2269 270 2310 bet
297 2267 601 2310 Macedonum
640 2280 779 2316 more,
820 2272 875 2314 et,
908 2265 1028 2321 quod
1058 2265 1171 2306 bene
1200 2271 1400 2315 verteret,
1432 2279 1559 2305 mon-

192 2343 365 2383 strare⁷
400 2339 502 2380 iter:
534 2337 733 2396 quamvis
765 2338 954 2379 arduum
995 2343 1040 2378 et
1072 2336 1293 2393 praebeps„
1326 2349 1558 2378 evasurum

191 2493 211 2518 1
238 2491 346 2537 vulgo
380 2499 470 2536 post
506 2492 683 2535 priorem
717 2502 923 2524 numerum
954 2491 1138 2533 positum.
1365 2487 1386 2512 2
1413 2498 1435 2520 a
1459 2487 1554 2520 mari

284 2551 329 2578 et
353 2545 400 2577 ad
429 2545 563 2577 merid.
801 2543 821 2573 3
852 2543 1033 2577 dilabitur
1061 2544 1182 2581 alveo,
1205 2540 1274 2575 sed
1307 2539 1414 2575 codd.
1444 2551 1554 2574 amne

283 2599 477 2633 dilabitur.
553 2600 574 2630 4
598 2605 863 2643 temperatum.
927 2599 947 2626 5
971 2599 1151 2644 expositis
1178 2597 1361 2642 captivus‘.
1428 2594 1450 2620 ⁶
1475 2606 1554 2630 eos.

283 2654 302 2682 7
326 2653 388 2689 Ex
417 2651 564 2687 emend.
590 2652 687 2698 vulg.
716 2659 940 2686 monstrare.
