1703 2961
217 135 301 177 362
682 133 741 190 Q.
772 133 979 178 CUR'ffl
1007 136 1148 179 Rom

217 263 348 303 gnum
378 249 539 290 talibus
568 249 682 290 viris
708 251 883 302 regem?
938 248 1199 290 Incredibile
1251 249 1371 290 dictu
1411 250 1581 292 auditu·
1613 267 1631 294 3

219 336 316 378 que,
354 321 399 362 in
439 322 598 363 eodem
638 321 795 362 habitu
835 321 1046 378 corporis,
1090 320 1134 361 in
1175 337 1308 379 quern
1329 337 1371 363 se
1399 338 1581 379 compo-

218 400 375 444 suerat,
408 409 512 435 cum
553 392 820 434 admissurus
859 392 1017 434 milites
1057 399 1178 443 esset,
1220 393 1407 445 durasse,
1438 395 1580 437 donec

219 479 243 505 a
269 471 367 507 toto
407 465 599 506 exercitu
637 464 773 506 illud¹
829 464 1035 506 ultimum
1073 465 1362 521 persalutatus
1399 474 1480 507 est:
1522 467 1582 507 di-

218 537 439 594 missoque
465 536 606 593 vulgO,
647 537 765 578 velut
790 537 912 578 omni
943 537 1057 579 vitae
1089 538 1240 579 debito
1269 538 1490 587 liberatus,
1522 539 1584 579 fa-

219 608 352 666 tigata
393 609 595 649 membra
634 609 797 651 reiecit.
853 608 1125 666 Propiusque
1164 610 1284 651 adire
1325 610 1445 651 iussis
1478 610 1582 651 ami-
1612 627 1634 650 4

221 681 297 727 cis,
336 683 459 732 (narn
486 687 530 721 et
567 695 651 721 vox
691 680 878 722 deficere
918 681 1005 722 iam
1048 685 1287 738 coeperat,)
1334 683 1584 724 detractum

221 752 404 793 anulum
440 751 590 809 digito,
627 752 862 794 Perdiccae
893 753 1088 802 tradidit,
1131 754 1310 796 adiectis
1351 755 1582 804 mandatis,

220 830 271 865 ut
300 839 458 879 corpus
483 840 611 865 suum
643 824 698 866 ad
716 825 1018 866 Hammonem
1036 825 1138 866 ferri
1160 826 1396 868 iuberent.²
1443 828 1587 882 Quae-
1620 843 1636 868 s

219 896 418 938 rentibus
455 896 535 947 his,
578 896 647 939 cui
682 896 953 954 relinqueret
993 900 1204 953 regnum?
1253 900 1494 956 respondit,
1532 900 1584 947 ei,

221 968 297 1025 qui
330 977 440 1010 esset
479 969 696 1026 optimu53
758 977 958 1010 ceterum
996 971 1229 1026 providere
1278 971 1366 1012 iam
1403 975 1492 1022 se‚³
1527 972 1583 1012 ob

220 1041 265 1082 id
295 1049 521 1084 certamen
546 1057 732 1097 magnos
762 1041 969 1082 funebres
1001 1042 1126 1084 ludos
1157 1045 1302 1099 parari
1334 1044 1428 1085 sibi.
1478 1046 1587 1085 '‘nur-
1617 1054 1641 1082 6

223 1129 293 1155 sus
334 1114 544 1156 Perdicca
588 1114 907 1169 interrogante,
948 1115 1125 1170 quando
1159 1115 1368 1157 coelestes
1398 1117 1590 1157 honores

221 1186 376 1228 haberi
407 1186 487 1227 sibi
524 1186 678 1227 vellet?
718 1186 838 1233 dixit,
879 1193 974 1225 tum
1017 1186 1137 1234 velle,
1180 1204 1282 1229 cum
1322 1189 1399 1246 ipsi
1442 1189 1588 1230 felices

224 1266 376 1299 essent.
441 1258 659 1314 Suprema
699 1256 811 1299 haec
851 1271 935 1298 vox
970 1256 1055 1298 fuit
1096 1259 1217 1315 regis,
1261 1267 1305 1301 et
1329 1260 1458 1314 paulo
1489 1268 1590 1316 post

225 1330 503 1387 extinguitur.

162 1430 213 1474 15
310 1432 377 1473 Ac
417 1431 564 1488 primo
602 1430 777 1487 ploratu
815 1428 1103 1487 lamentisque
1142 1437 1186 1472 et
1221 1431 1466 1486 planctibus
1496 1440 1588 1474 tota
1624 1449 1640 1475 7

223 1503 340 1561 regia
367 1503 650 1559 personabat:
676 1518 780 1544 mox
809 1503 926 1544 velut
958 1503 1003 1543 in
1030 1510 1145 1544 vasta
1174 1503 1408 1545 solitudine
1440 1506 1589 1547 omnia

224 1578 335 1620 tristi
371 1575 543 1617 silentio
585 1582 708 1616 muta
746 1576 995 1630 torpebant,
1047 1576 1102 1616 ad
1146 1575 1444 1631 cogitationes,
1485 1577 1589 1634 quid

226 1650 384 1692 deinde
413 1648 614 1689 futurum
647 1655 770 1694 esset,
805 1648 958 1689 dolore
986 1663 1214 1689 converso.
1252 1649 1432 1690 Nobiles
1465 1650 1588 1706 pueri
1622 1664 1640 1690 s

227 1722 452 1766 custodiae
482 1720 679 1777 corporis
709 1720 799 1761 eius
835 1720 991 1761 assueti
1024 1736 1105 1762 nec
1147 1721 1307 1762 doloris
1332 1722 1592 1777 magnitudi-

226 1811 331 1838 nem
361 1808 529 1849 capere,
569 1808 651 1834 nec
690 1808 734 1834 se
778 1792 893 1849 ipsos
926 1792 1038 1833 intra
1071 1793 1333 1834 vestibulum
1365 1794 1505 1850 regiae
1531 1802 1592 1835 te-

226 1869 367 1910 nere4
398 1872 660 1923 potuerunt:
700 1865 879 1922 vagique
910 1872 954 1906 et
981 1864 1225 1906 furentibus
1253 1865 1410 1906 similes
1449 1873 1592 1907 totam

225 1941 385 1983 urbem
414 1939 535 1980 luctu
565 1952 616 1978 ac
656 1952 858 1979 maerore
900 1938 1240 1994 compleverant,
1272 1938 1400 1980 nullis
1436 1940 1594 1996 questi-

225 2014 306 2055 bus
339 2010 521 2061 omissis,
560 2024 671 2067 quos
710 2010 756 2050 in
794 2010 869 2051 tali
909 2026 1012 2052 casu
1052 2010 1178 2051 dolor
1215 2011 1416 2066 suggerit.
1473 2012 1590 2068 Ergo
1623 2028 1644 2058 9

227 2086 301 2144 qui
333 2091 451 2126 extra
486 2082 651 2139 regiam
683 2083 909 2125 astiterant
949 2083 1220 2124 Macedones
1248 2083 1409 2137 pariter
1438 2082 1595 2124 barba-

227 2159 352 2216 rique
393 2163 689 2206 concurrunt,
731 2171 813 2198 nec
848 2163 1057 2212 poterant
1100 2155 1200 2196 victi
1232 2171 1253 2195 a
1283 2156 1521 2197 victoribus
1549 2156 1592 2197 in

231 2229 461 2274 communi
492 2228 645 2270 dolore
683 2228 883 2270 discerni.
939 2229 1093 2269 Persae
1118 2227 1401 2269 iustissimum
1433 2243 1483 2269 ac
1515 2228 1594 2268 rni-

228 2304 447 2346 tissimum
489 2302 736 2352 dominum,
775 2301 1046 2343 Macedones
1087 2301 1306 2358 optimum
1338 2315 1387 2341 ac
1416 2299 1595 2342 fortissi-

228 2393 356 2419 mum
386 2391 536 2432 regem
565 2374 834 2421 invocantes,
873 2380 1098 2415 certarnen
1126 2373 1350 2430 quoddam
1382 2374 1594 2415 maeroris

227 2449 431 2491 edebant.
490 2449 583 2489 Nec
618 2455 889 2488 maestorum
918 2446 1073 2495 solum,
1102 2446 1177 2486 sed
1209 2444 1340 2486 etiam
1369 2446 1659 2502 indignari-10
1698 2456 1699 2467 ³

230 2521 344 2563 tium
383 2535 514 2562 voees
555 2519 912 2570 exaudiebantur,
953 2526 1046 2559 tam
1086 2518 1270 2559 viridem
1315 2525 1359 2558 et
1409 2518 1453 2559 in
1489 2517 1598 2559 flore

231 2654 248 2680 1
277 2654 448 2688 exercitu
473 2653 544 2688 illo
563 2653 612 2687 ad
632 2653 827 2687 ultimum.
877 2652 897 2678 2
916 2651 1079 2686 iuberet.
1121 2649 1139 2681 3
1160 2650 1271 2685 abest
1294 2661 1347 2684 se.
1387 2650 1600 2684 4retinere.
