1703 2961
447 165 528 207 DE
556 163 765 206 GESTIS
788 162 953 205 ALEx.
985 162 1036 213 X,
1069 161 1136 207 15.
1395 161 1480 204 363

123 275 276 318 aetatis
305 276 596 333 fortunaeque
632 275 792 317 invidia
826 276 958 316 deum
1000 281 1203 331 ereptum
1232 288 1323 316 esse
1351 273 1482 316 rebus

121 348 340 389 humanis.
396 348 535 405 Vigor
562 347 652 389 eius
682 355 725 388 et
755 347 896 388 vultus
935 346 1160 388 educentis
1191 347 1235 387 in
1263 345 1482 402 proelium

120 420 294 468 milites,
335 419 576 461 obsidentis
611 419 758 465 urbes,
800 418 1024 459 evadentis
1061 418 1105 458 in
1142 432 1308 467 muros,
1347 418 1484 459 fortes

61 507 105 531 11
122 491 236 532 viros
264 506 346 547 pro
377 490 584 533 contione
613 490 818 531 donantis
854 489 1151 532 occurrebant
1180 489 1328 531 oculis.
1365 490 1485 530 Tum

120 562 391 604 Macedones
416 562 585 604 divinos
614 560 808 604 honores
834 576 1010 618 negasse
1040 561 1078 602 ei
1108 560 1379 618 poenitebat,
1407 559 1487 600 im-

120 634 305 691 piosque
343 641 386 675 et
420 633 613 690 ingratos
652 633 781 675 fuisse
822 649 867 675 se
894 632 1232 685 confitebantur,
1260 633 1381 690 quod
1413 647 1486 674 au-

121 720 189 747 res
214 706 304 747 eius
337 704 482 747 debita
517 705 806 763 appellatione
835 704 1126 747 fraudassent.

203 777 262 818 Et
293 792 396 819 cum
434 778 509 819 diu
537 793 657 819 nunc
695 776 741 818 in
768 777 1062 828 veneratione,
1094 793 1214 819 nunc
1240 776 1286 818 in
1319 775 1483 818 deside·
1499 777 1550 820 16

65 866 110 890 12
125 848 190 890 rio
217 848 328 904 regis
358 848 606 897 haesissent,
631 848 676 889 in
707 849 823 905 ipsos
854 864 975 890 versa
1003 848 1227 890 miseratio
1258 856 1334 890 est.
1394 848 1488 890 Ma-

126 920 309 963 cedonia
340 921 527 977 profecti
558 920 669 962 ultra
698 920 958 977 Euphraten
984 922 1028 962 in
1052 925 1065 946 ¹
1099 921 1255 963 mediis
1289 920 1488 962 hostibus

124 1007 293 1034 novum
323 992 560 1049 imperium
586 993 920 1050 aspernantibus
953 992 1184 1035 destitutos
1213 1008 1258 1035 se
1277 1007 1367 1034 esse
1399 1006 1490 1034 cer-

124 1065 312 1114 nebant3
361 1064 452 1106 sine
490 1071 610 1107 certo
649 1065 761 1122 regis
799 1064 994 1107 herede²
1035 1064 1234 1121 publicas
1272 1064 1384 1106 vires
1433 1062 1490 1104 ad

69 1153 172 1181 13se
202 1152 422 1194 quemque
450 1144 712 1178 tracturum.
763 1137 887 1178 Bella
915 1136 1073 1178 deinde
1104 1136 1255 1186 civilia,
1288 1151 1400 1193 quae
1430 1150 1493 1176 se-

132 1217 232 1251 cuta
274 1215 394 1257 sunt,
437 1209 660 1248 mentibus
703 1208 1054 1264 augurabantur:
1090 1209 1271 1256 iterum,
1305 1223 1396 1248 non
1436 1208 1490 1249 de

126 1296 261 1337 regno
297 1279 438 1328 Asiae,
476 1278 551 1319 sed
591 1278 646 1319 de
681 1293 794 1335 rege,
836 1280 939 1335 ipsis
976 1280 1234 1336 sanguinem
1266 1295 1357 1321 esse
1394 1279 1492 1320 fun-

130 1352 350 1402 dendum3
395 1350 518 1390 novis
546 1349 796 1391 vulneribus
825 1359 994 1393 veteres
1023 1353 1291 1408 rumpendas
1323 1352 1493 1394 cicatri-

65 1440 217 1473 14ces3
249 1437 383 1472 senes,
415 1422 588 1472 debiles,
618 1423 756 1464 modo
782 1424 917 1479 petita
947 1425 1154 1466 missione
1184 1440 1207 1466 a
1234 1424 1348 1466 iusto
1378 1439 1492 1482 rege,

129 1512 248 1539 nunc
287 1493 528 1537 morituros
563 1508 645 1550 pro
686 1496 888 1550 potentia
924 1495 1108 1538 forsitan
1137 1496 1331 1538 satellitis
1362 1496 1494 1538 alicu-

72 1571 200 1613 1sius
240 1566 453 1624 ignobilis.
521 1566 612 1607 Has
651 1566 939 1623 cogitationes
986 1569 1259 1610 volventibus
1303 1584 1391 1610 nox
1430 1584 1498 1610 su-

131 1640 346 1699 pervenit,
379 1647 686 1694 terroremque
724 1640 854 1680 auxit.
919 1641 1080 1682 Milites
1119 1641 1165 1682 in
1194 1641 1326 1682 armis
1355 1640 1496 1698 vigila-

132 1715 259 1763 bant;
298 1710 529 1767 Babylonii
568 1710 674 1751 alius
718 1726 741 1752 e
775 1712 923 1763 muris,
964 1713 1070 1755 alius
1106 1714 1162 1754 e³
1206 1712 1400 1755 culmine
1431 1713 1496 1754 sui

134 1785 317 1842 quisque
369 1781 474 1823 tecti
523 1784 887 1839 prospectabant,
941 1785 1063 1842 quasi
1114 1785 1303 1826 certiora
1350 1785 1494 1826 visuri.

67 1869 116 1897 16
133 1859 224 1899 Nec
244 1855 472 1912 quisquam
490 1855 653 1896 lumina
675 1856 866 1897 audebat
884 1857 1139 1899 accendere.
1188 1858 1248 1898 Et
1270 1858 1371 1915 quia
1395 1873 1498 1899 ocu·

134 1930 282 1970 lorum
313 1928 509 1968 cessabat
539 1943 652 1977 usus,
680 1927 881 1969 fremitus
907 1944 1126 1986 vocesque
1157 1929 1332 1970 auribus
1357 1938 1500 1985 capta-

138 2001 261 2048 bant,
304 2014 355 2041 ac
391 1997 650 2055 plerumque
687 2016 801 2041 vano
841 2009 965 2042 metu
1003 2001 1142 2042 territi
1177 2016 1258 2058 per
1289 2001 1498 2043 obscuras

139 2071 326 2121 semitas,
367 2070 473 2111 alius
511 2070 579 2111 alii
617 2081 919 2123 occursantes,
956 2073 1144 2115 invicem
1182 2075 1371 2130 suspecti
1411 2077 1498 2115 ac4

77 2165 122 2191 17
140 2144 310 2186 solliciti
339 2142 607 2184 ferebantur.
674 2145 844 2195 Persae,
883 2145 1022 2186 comis
1063 2161 1142 2187 suo
1181 2159 1306 2186 more
1347 2145 1501 2187 deton-

138 2216 207 2266 sis,
239 2215 285 2256 in
314 2215 485 2271 lugubri
516 2223 648 2266 veste,
677 2219 812 2257 cum5
851 2217 1108 2274 coniugibus
1138 2233 1189 2260 ac
1219 2217 1377 2266 liberis,
1409 2233 1501 2259 non

137 2295 190 2329 ut
224 2288 443 2329 victorem
480 2293 524 2328 et
566 2288 746 2329 modo⁶
784 2289 973 2340 hostem,
1013 2291 1089 2332 sed
1133 2297 1185 2331 ut
1218 2289 1358 2346 gentis
1398 2305 1501 2331 suae

140 2448 159 2471 1
185 2447 340 2482 adiecta
366 2456 424 2481 esc
444 2451 690 2495 praepositio
718 2449 768 2484 de
793 2453 952 2485 coniect.
1063 2451 1084 2476 2
1108 2449 1298 2485 adiicitur·
1324 2453 1365 2483 in
1390 2449 1503 2483 libris

230 2515 315 2536 mss,
343 2512 383 2536 et
403 2503 518 2536 editis
543 2504 626 2536 sine
659 2504 801 2538 herede
828 2506 948 2551 regni.
1203 2506 1221 2534 3
1243 2516 1426 2551 praepos.
1454 2503 1504 2536 de

232 2558 389 2590 coniecc.
421 2557 575 2590 adiecta
600 2567 670 2592 est.
887 2562 908 2589 4
942 2567 991 2593 et.
1208 2560 1226 2588 5
1254 2558 1365 2593 abest
1387 2569 1505 2601 prae-

229 2621 312 2654 pos.
340 2624 365 2642 a
387 2610 499 2644 libris
524 2623 609 2645 mss.
811 2612 832 2639 ⁴5
857 2613 1024 2648 additur
1056 2616 1098 2648 in
1121 2613 1232 2648 libris
1258 2624 1344 2646 mss.
1373 2611 1506 2645 vocula

230 2671 297 2695 uc.-
326 2670 363 2696 et
386 2665 503 2698 modo
528 2673 570 2699 ut
593 2665 757 2700 hostem.
