1703 2961
198 69 252 109 ss
643 67 700 121 Q.
730 64 933 108 CURTH
965 66 1104 109 RUF1

202 178 450 232 Babylonii,
487 184 695 233 utrosque
733 177 911 229 Belitae,
952 185 994 220 et
1038 178 1113 235 qui
1142 185 1314 220 montes
1342 178 1551 221 Cossaeo-

204 266 303 293 rum
339 250 610 298 incolebant,
643 249 949 306 sequebantur.
1024 251 1127 292 Post
1165 249 1247 291 hos
1287 251 1409 292 ibant
1443 248 1615 292 Gor-11

204 330 318 371 tuae,
350 323 488 379 gentis
516 326 531 347 ¹
575 322 752 379 quidem
783 322 1017 372 Euboicae,
1048 321 1205 363 B'Iedos
1240 322 1464 380 quondam
1494 337 1555 363 se·-

205 393 310 441 euti,
344 393 420 435 sed
460 395 548 438 iam
589 395 832 449 degeneres,
869 401 912 435 et
938 394 1066 449 patrii
1096 393 1230 434 moris
1261 393 1411 449 ignari.
1471 395 1556 449 Ap*

203 464 415 520 plicuerat
452 465 517 507 his
565 465 754 522 Phrygas
791 472 832 506 et
871 464 1101 507 Cataonas.
1164 464 1511 522 Parthyaeorum
1535 468 1554 491 ²

205 536 362 579 deinde
404 552 530 594 gens,
579 536 864 578 incolentium
911 544 1066 587 terras,
1108 552 1215 594 quas
1249 553 1368 579 nunc
1406 536 1555 578 Parthi

203 608 382 664 Scythia
412 608 597 663 profecti
641 615 806 657 tenent,
840 608 1101 651 claudebant
1131 623 1300 664 agmen.
1356 608 1476 650 Haec
1505 607 1557 649 si-

203 679 323 724 nistri
355 679 546 721 cornus³
589 679 701 721 acies
734 679 831 721 fuit.
899 680 1114 722 Dextrum
1150 680 1362 721 tenebant
1383 683 1406 707 4
1438 679 1556 720 natio
1573 692 1619 717 12

204 751 380 791 maioris
426 751 662 793 Armeniae
705 749 991 808 Cadusiique,
1040 754 1122 792 et⁵
1165 750 1473 807 Cappadoces,
1515 759 1558 792 et

203 821 313 878 Syri,
340 837 389 865 ac
417 825 439 849 ⁶
477 824 610 865 Medi.
674 823 752 864 llis
780 838 955 880 quoque
985 821 1131 864 falcati
1165 838 1316 865 currus
1347 824 1558 880 quinqua-

200 893 316 949 ginta
348 902 484 936 erant.
512 899 530 926 ⁷
598 894 781 937 Summa
817 883 952 936 t'otius
993 893 1215 944 exercitus,
1257 895 1424 952 equites
1455 909 1619 952 qua-13

202 964 398 1021 draginta
438 966 631 1023 quinque
666 965 805 1018 milia,
842 965 1052 1022 pedestris
1083 967 1196 1009 acies
1222 967 1408 1009 ducenta
1439 967 1560 1008 milia

201 1037 453 1092 expleverat.
521 1039 619 1080 Hoc
651 1039 786 1081 modo
819 1037 1019 1079 instructi
1056 1038 1210 1084 decem
1241 1039 1376 1080 stadia
1407 1055 1560 1094 proce-

203 1108 327 1157 dunt,
365 1109 554 1167 iussique
583 1110 831 1161 subsistere,
862 1108 1018 1150 armati
1051 1107 1225 1150 hostem
1256 1111 1557 1166 expectabant.

143 1176 193 1220 46
290 1180 524 1223 Alexandri
554 1182 791 1224 exercitum
826 1196 972 1235 pavor,
1015 1180 1136 1223 cuius
1176 1196 1302 1222 causa
1345 1197 1436 1222 non
1465 1183 1626 1224 sub-14
1677 1176 1681 1182 ¹

202 1261 306 1302 erat,
351 1252 524 1297 invasit:
581 1254 740 1311 quippe
785 1252 996 1307 lymphati
1044 1253 1260 1307 trepidare
1307 1261 1560 1308 coeperunt,

202 1325 403 1367 omnium
450 1332 629 1379 pectora
667 1324 844 1367 occulto
884 1332 1006 1365 metu
1044 1332 1344 1379 percurrente.
1437 1324 1562 1371 Coeli

200 1398 342 1453 fulgor
365 1404 566 1451 tempore
595 1397 758 1437 aestivo
790 1396 959 1437 ardenti
990 1395 1138 1437 similis
1170 1396 1429 1439 internitens
1456 1397 1563 1454 ignis

201 1469 406 1524 praebuit
441 1469 654 1524 speciem,
693 1467 984 1525 flammasque
1016 1484 1065 1509 ex
1091 1468 1224 1510 Darei
1248 1469 1398 1512 castris
1427 1469 1565 1525 splen-

204 1541 319 1590 dere,
351 1541 471 1583 velut
499 1539 603 1582 illati
630 1547 797 1581 temere
824 1530 1058 1595 praesidiis,
1101 1541 1351 1584 credebant.
1397 1542 1565 1598 Quodsi
1584 1558 1628 1585 ιε

203 1612 409 1668 perculsis
444 1612 676 1660 Mazaeus,
727 1612 801 1669 qui
836 1612 1115 1667 praesidebat
1151 1612 1326 1664 itineri,
1366 1629 1564 1669 superve-

203 1685 347 1734 nisset,
386 1686 537 1742 ingens
576 1684 719 1726 clades
742 1684 894 1739 »accipi
929 1683 1094 1738 potuit:
1133 1699 1265 1735 nunc,
1308 1685 1415 1727 dum
1439 1686 1454 1712 ⁸
1495 1685 1565 1728 ille

205 1758 343 1814 segnis
378 1757 424 1798 in
463 1771 516 1798 eo
557 1770 691 1812 quem
727 1763 1021 1811 occupaverat
1068 1755 1243 1798 tumulo
1283 1757 1426 1806 sedet,
1465 1773 1568 1800 con-2

207 1837 352 1871 tentus
391 1844 483 1870 non
506 1827 684 1878 -lacessi,
723 1827 981 1875 Alexander,
1009 1828 1184 1885 cognito
1213 1843 1375 1883 pavore
1408 1830 1636 1871 exemi-16
1689 1868 1692 1875 ,

207 1909 287 1950 tus,
322 1900 494 1957 signum
546 1907 597 1940 ut
636 1900 926 1942 consisterent
963 1899 1070 1949 dari,
1108 1907 1209 1940 ante
1231 1903 1252 1927 9
1287 1901 1402 1955 ipsos
1445 1917 1567 1944 arma

210 1973 430 2027 deponere
459 1987 510 2014 ac
539 1972 683 2013 levare
720 1985 922 2025 corpora,
952 1971 1085 2022 iubet,
1116 1972 1373 2023 admonens,
1403 1974 1568 2015 nullam

206 2044 337 2086 subiti
373 2059 550 2085 causam
599 2059 689 2086 esse
729 2042 923 2092 terroris,
952 2047 996 2068 ²⁰
1032 2042 1207 2085 hostem
1245 2045 1399 2100 procul
1437 2053 1565 2087 stare.

208 2115 411 2157 Tandem
453 2123 682 2170 compotes
718 2114 782 2156 sui
824 2114 987 2169 pariter
1027 2130 1148 2159 arma
1175 2123 1220 2158 et
1258 2117 1427 2160 animos
1451 2132 1630 2160 rece-17

208 2202 330 2242 pere:
390 2202 472 2229 nec
533 2173 777 2244 quicquam!
825 2203 874 2228 ex
915 2188 1214 2242 praesentibus
1250 2189 1383 2230 tutius
1428 2189 1569 2230 visum

211 2266 286 2309 est,
324 2273 460 2316 quam
502 2259 662 2301 eodem
697 2258 797 2301 loco
829 2265 967 2302 castra
1007 2260 1194 2301 munire.
1280 2260 1462 2302 Postero
1494 2261 1564 2303 die
1581 2275 1626 2302 18

218 2447 228 2468 ῑ
257 2447 318 2479 Ex
346 2444 497 2479 emend.
523 2443 634 2479 codd.
661 2452 804 2492 gentes.
955 2444 976 2471 2
998 2445 1240 2480 Parthorum.
1389 2445 1409 2476 3
1437 2457 1570 2481 cornu.

296 2500 317 2530 4
342 2499 508 2537 tenebat.
625 2501 645 2528 5
663 2500 784 2534 abest.
903 2498 923 2524 6
943 2506 991 2534 et.
1111 2500 1129 2528 7
1156 2507 1262 2533 erant
1279 2501 1570 2546 quinquaginta.

301 2553 318 2579 8
345 2552 485 2586 absunt
512 2553 586 2587 cluo
612 2554 727 2587 verba
754 2565 858 2589 nunc
886 2553 989 2587 dum.
1083 2555 1104 2581 9
1131 2553 1252 2589 abest.
1351 2555 1391 2584 ¹0
1413 2555 1571 2588 timoris.
