1703 2961
1359 158 1403 168 rvr

382 165 462 206 DE
493 164 701 208 GES'ris
736 165 905 206 ALEX.
955 167 1005 212 X,
1064 165 1128 205 13.
1356 156 1435 199 007

81 276 361 323 approbarent3
412 275 571 309 biduum
610 281 738 309 tamen
785 276 961 309 adversus
998 275 1234 309 humillimas
1277 278 1434 304 suorum

70 347 200 382 preces
228 336 429 370 iracundia
464 337 559 381 regis
593 336 754 370 duravit.
816 337 950 370 Tertio
976 337 1038 370 die
1067 337 1187 369 victus
1214 329 1431 366 constantia

67 397 287 443 supplicum
330 398 528 442 processit,
571 398 819 443 incusataque
846 399 987 430 leuiter
1021 397 1206 430 exercitus
1242 390 1427 426 immode-

68 459 152 500 stia,
167 470 247 491 non
263 459 348 491 sine
371 457 496 490 multis
517 457 696 503 utrinque
721 459 903 499 lacrimis,
928 459 969 491 in
992 458 1150 503 gratiam
1173 468 1212 490 se
1232 465 1318 487 cum
1334 449 1425 495 ipsis

64 519 189 553 redire
216 519 404 564 professus
433 525 498 552 est.
547 518 676 565 Digna
708 527 837 554 tamen
864 530 921 553 res
950 516 1031 552 vifia
1056 525 1119 557 est,
1148 527 1246 564 quae
1273 510 1426 547 maiori-

64 581 133 614 bus
159 579 293 613 hostiis
322 579 547 624 expiaretur.
596 580 727 626 Itaque
750 579 939 615 sacrificio
968 579 1170 625 magnifice
1186 580 1424 624 perpetrato,

61 642 324 676 Macedonum
347 640 460 673 simul
486 640 760 687 Persarumque
784 642 969 687 primores
997 641 1176 674 invitavit
1203 638 1252 672 ad
1277 635 1421 681 epulas.

62 705 209 737 Novem
230 703 336 737 milia
371 711 417 734 eo
453 701 630 735 convivio
667 706 874 749 excepisse,
900 703 1097 748 proditum
1119 709 1174 736 est
1202 695 1427 736 memoriae,

62 776 206 811 eosque
231 773 362 797 omnes
386 761 577 796 invitante
603 775 690 810 rege
715 777 759 798 ex
778 764 915 798 eodem
934 771 1078 797 cratere
1096 763 1285 800 libavisse,
1305 759 1422 792 Grae-

61 826 114 859 cis
140 824 388 869 barbarisque
413 823 560 857 vatibus
588 831 669 858 tum
694 826 768 859 alia
792 826 916 859 fausta
934 832 1022 859 vota
1037 823 1324 871 praeeuntibus,
1339 827 1422 852 tum

59 887 234 933 inprimis
258 891 301 919 ut
336 895 380 917 ea
413 884 610 930 utriusque
642 887 792 932 imperii
826 887 866 920 in
896 887 1002 920 idem
1029 898 1166 932 corpus
1196 884 1337 918 coalita
1362 892 1420 914 so-

59 949 174 982 cietas
211 952 398 993 perpetua
429 945 541 979 foret.
602 948 791 981 Maturata
828 948 970 981 deinde
1007 954 1062 981 est
1085 947 1229 982 missio.
1256 952 1293 978 et
1316 941 1420 976 infir-

61 1010 248 1043 missimus
288 1006 450 1053 quisque
485 1009 731 1043 exauctorati.
788 1010 1010 1042 Amicorum
1043 1020 1199 1053 quoque
1226 1007 1422 1041 seniorum

22 1115 24 1117 ‚
60 1068 291 1115 quibusdam
325 1075 582 1102 commeatum
616 1069 735 1103 dedit.
797 1070 854 1103 Ex
888 1069 971 1115 quis
1006 1069 1126 1102 Clitus
1161 1072 1420 1114 cognomento

57 1131 174 1166 Albus
211 1128 452 1175 Gorgiasque
489 1135 526 1162 et
561 1130 787 1174 Polydamas
816 1137 853 1162 et
879 1130 1086 1174 Antigenes
1101 1129 1223 1165 fuere.
1267 1128 1419 1162 Abeun-

57 1192 158 1225 tibus
182 1202 264 1224 non
295 1190 414 1223 modo
447 1190 642 1235 praeteriti
677 1190 861 1234 temporis
893 1191 1089 1237 stipendia
1121 1203 1208 1225 cum
1232 1188 1308 1223 fide
1333 1199 1418 1234 per-

55 1253 181 1294 solvit,
206 1262 339 1284 verum
364 1251 480 1284 etiam
504 1251 690 1284 talentum
730 1251 877 1284 adiecit
902 1252 943 1285 in
969 1253 1138 1298 singulos
1164 1251 1319 1292 milites,
1340 1249 1419 1282 via-

54 1313 120 1347 tici
150 1312 321 1346 nomine.
378 1311 495 1345 Filios
529 1323 574 1345 ex
609 1312 782 1346 Asiaticis
818 1314 1000 1347 uxoribus
1037 1321 1232 1359 susceptos
1259 1311 1327 1356 (ad
1352 1309 1416 1343 de-

55 1386 139 1408 cem
166 1375 274 1407 milia
296 1372 412 1406 fuisse
436 1372 654 1417 traduntur)
681 1373 784 1418 apud
810 1384 849 1406 se
877 1375 1042 1421 rehnqui
1066 1375 1187 1417 iussit,
1212 1384 1261 1406 ne
1277 1373 1319 1406 in
1335 1372 1416 1404 Ma-

53 1435 256 1469 cedoniam
281 1446 369 1467 cum
392 1434 614 1481 parentibus
641 1434 872 1479 transgressi,
898 1442 934 1468 et
958 1437 1188 1482 coniugibus
1205 1434 1415 1478 liberisque

48 1495 241 1543 prioribus
268 1495 459 1540 permixti,
477 1495 644 1529 familias
671 1495 911 1540 singulorum
936 1497 1250 1531 contentionibus
1279 1502 1316 1528 et
1340 1494 1415 1527 dis-

51 1556 190 1591 cordiis
224 1556 452 1602 implerent3
493 1557 567 1591 sibi
613 1567 724 1589 curae
745 1556 829 1590 fore
855 1558 1062 1603 pollicitus,
1089 1565 1131 1592 ut
1154 1557 1279 1604 patrio
1306 1565 1413 1589 more

48 1618 212 1652 instituti
239 1619 402 1652 militiae
431 1625 528 1651 artes
562 1616 824 1650 edocerentur.
874 1620 930 1652 Ita
961 1630 1075 1666 supra
1109 1620 1242 1654 decem
1265 1625 1412 1651 vetera·

46 1692 190 1713 norum
217 1680 324 1713 milia
356 1679 513 1714 dimissa
539 1686 646 1721 sunt3
682 1679 912 1725 additusque
946 1688 1001 1713 est
1035 1684 1225 1724 Craterus,
1255 1681 1320 1726 qui
1346 1690 1409 1713 eos

48 1741 266 1783 deduceret,
292 1752 338 1773 ex
363 1741 581 1786 praecipuis
606 1740 702 1786 regis
730 1741 876 1774 amicis.
926 1742 999 1777 Cui
1015 1742 1045 1775 si
1075 1743 1167 1787 quid
1186 1742 1408 1776 humanitus
1446 1781 1452 1783 ‚

46 1802 262 1846 accidisset,
290 1801 594 1848 Polyperchonti
619 1813 752 1847 parere
779 1803 871 1836 iussi
896 1810 996 1835 sunt.
1043 1803 1196 1838 Litteris
1223 1804 1339 1837 etiam
1362 1802 1410 1835 ad

45 1863 288 1909 Antipatrum
323 1863 492 1908 scriptis,
534 1862 727 1896 honorem
758 1865 922 1897 emeritis
953 1864 1088 1898 haberi
1131 1864 1342 1911 praecepit,
1369 1870 1411 1896 ut

47 1926 225 1971 quotiens
253 1924 336 1958 ludi
366 1932 480 1969 atque
507 1925 715 1957 certamina
742 1924 952 1966 ederentur,
981 1926 1024 1959 in
1051 1927 1182 1972 primis
1209 1925 1408 1959 ordinibus

46 1986 224 2021 coronati
247 1992 484 2031 spectarent3
521 1993 641 2031 utque
672 1985 752 2018 fato
784 1985 1009 2020 functorum
1042 1987 1157 2021 liberi
1190 1987 1408 2033 impuberes

43 2049 88 2084 in
114 2056 273 2094 paterna
296 2046 489 2092 stipendia
504 2046 765 2080 succederent.
815 2047 1013 2096 Craterum
1033 2049 1289 2082 Macedoniae
1314 2060 1406 2082 con·

44 2109 335 2154 tinentibusque
361 2108 585 2154 regionibus
614 2120 701 2142 curn
726 2109 891 2154 imperio
928 2109 1101 2155 praeess'e
1125 2111 1291 2157 placuit,
1331 2110 1406 2143 An·

43 2171 226 2217 tipatrum
259 2181 342 2204 cum
370 2170 641 2215 supplemento
667 2169 864 2203 iuniorum
897 2172 1158 2205 Macedonum
1197 2172 1246 2205 ad
1276 2182 1403 2216 regem

43 2243 213 2279 pergere.
272 2231 482 2268 Verebatur
513 2232 627 2274 enim,
659 2242 709 2265 ne
747 2243 815 2277 per
847 2232 1080 2267 discordiam
1105 2233 1292 2279 praefecti
1316 2244 1404 2267 cum

34 2293 275 2339 .Olympiade
307 2293 429 2339 gravis
462 2292 595 2338 aliqua
624 2293 751 2326 clades
775 2294 1022 2339 acciperetur.
1070 2296 1168 2328 Nam
1193 2294 1330 2327 multas
1355 2292 1404 2326 ad

40 2354 300 2389 Alexandrum
333 2354 514 2400 epistolas
546 2360 677 2395 mater,
701 2355 841 2388 multas
867 2356 1064 2401 Antipater
1091 2357 1266 2399 miserat,
1291 2356 1401 2389 vicis-

39 2417 189 2461 simque
223 2415 317 2448 alter
348 2415 509 2448 alterum
542 2422 762 2461 arroganter
795 2423 831 2450 et
872 2416 1009 2450 acerbe
1049 2417 1235 2464 pleraque
1272 2417 1403 2451 facere

34 2476 354 2519 criminabantur,
386 2487 484 2522 quae
519 2476 568 2510 ad
593 2476 758 2510 dedecus
786 2484 851 2510 aut
878 2477 1147 2512 detrimentum
1170 2479 1296 2524 regiae
1323 2489 1401 2512 ma-

39 2538 182 2573 iestatis
214 2537 464 2584 pertinerent.
525 2539 732 2583 Postquam
771 2540 874 2572 enim
908 2551 1038 2573 rumor
1076 2541 1194 2574 occisi
1225 2541 1322 2584 regis
1347 2547 1401 2573 te-

39 2610 143 2634 mere
166 2599 338 2645 vulgatus
363 2599 405 2632 in
424 2599 698 2634 Macedoniam
725 2601 1011 2646 penetravisset,
1028 2608 1148 2634 mater
1173 2602 1253 2635 eius
1278 2612 1400 2634 soror-

39 2672 115 2707 que
141 2661 346 2707 Cleopatra
371 2661 623 2696 tumultuatae
641 2661 820 2706 fuerant‚
844 2669 879 2696 et
904 2662 1001 2696 haec
1029 2662 1186 2707 quidem
1201 2669 1403 2708 paternum
