1703 2961
234 169 317 211 212
698 163 753 219 Q.
791 161 995 204 CURTH
1023 161 1164 204 num

239 292 426 336 superne
449 276 600 318 lumen
630 274 921 316 admittunt¹.
982 272 1103 315 Vites
1135 279 1179 314 et
1204 272 1393 323 arbores,
1424 271 1457 313 si
1487 285 1597 328 quae
1613 284 1662 310 10

240 353 286 393 in
316 357 443 392 tanto
472 357 613 390 terrae
645 347 785 403 rigore
808 346 965 387 durare
995 351 1250 401 potuerunt,
1283 345 1497 385 obruunt:
1528 357 1602 399 pe-

242 423 360 464 nitus
387 421 532 462 hieme
564 419 760 460 defossae
789 418 948 459 latent:
989 431 1091 459 cum
1117 418 1189 456 nix
1220 416 1410 457 discussa
1436 414 1604 471 aperire

243 495 434 543 humum
467 490 662 547 coepit‚²
703 490 826 532 coelo
866 488 1031 545 solique
1070 487 1330 529 redduntur.
1393 486 1605 528 Ceterum
1621 479 1688 523 11'

245 567 357 608 adeo
397 564 507 604 altae
551 562 669 602 nives
705 568 916 618 premunt
952 568 1142 607 terram,
1181 559 1278 615 gelu
1319 565 1363 599 et
1391 564 1606 614 perpetuo

245 652 387 695 paene
417 635 559 692 rigore
592 633 867 683 constrictae,
898 641 947 674 ut
978 647 1034 673 ne
1063 631 1207 672 avium
1233 631 1415 688 quidem
1436 628 1609 670 feraeve

245 709 372 750 ullius
411 705 637 762 vestigium
678 712 804 746 extet.
876 703 1079 746 Obscura
1121 703 1228 746 coeli
1267 702 1410 744 verius
1450 701 1609 743 umbra

248 795 382 838 quam
415 777 499 827 lux,
539 776 660 819 nocti
698 776 848 818 similis
889 776 1053 833 premit
1090 782 1278 827 terram,
1318 775 1388 817 vix
1417 780 1468 815 ut
1497 787 1609 830 quae

247 866 390 909 prope
420 855 522 891 sunt
553 849 750 906 conspici
780 849 962 906 possint.

187 925 241 967 13
334 924 385 964 In
418 919 504 964 hac
543 929 695 963 tamen
724 920 868 962 omnis
897 919 1079 961 humani
1112 918 1252 961 cultus
1281 917 1512 960 solitudine
1541 917 1676 958 de-12

250 995 427 1037 stitutus
462 993 698 1044 exercitus,
741 992 949 1051 quicquid
991 992 1211 1032 malorum
1250 990 1425 1033 tolerari
1467 996 1614 1046 potest

250 1066 442 1124 pertulit,
473 1065 682 1121 inopiam,
711 1063 859 1121 frigus,
899 1063 1208 1113 lassitudinem,
1239 1061 1610 1119 desperationem.

250 1138 417 1182 Multos
465 1136 726 1177 exanimavit
774 1136 894 1191 rigor
942 1134 1139 1176 insolitus
1186 1134 1316 1183 nivis;
1370 1133 1613 1174 multorum
1632 1142 1674 1171 12

253 1209 417 1252 adussit
453 1207 607 1264 pedes;
644 1207 939 1263 plurimorum
972 1206 1107 1247 oculis
1136 1206 1370 1261 praecipue
1403 1203 1618 1261 pernicia-

253 1281 349 1323 bilis
390 1279 489 1320 fuit.
574 1278 759 1335 Fatigati
798 1279 962 1335 quippe
1005 1277 1049 1318 in
1098 1277 1191 1333 ipso
1233 1277 1332 1333 gelu
1371 1275 1617 1318 deficientia

256 1366 445 1410 corpora
484 1350 764 1391 sternebant:
799 1365 910 1406 quae
954 1364 1058 1390 curn
1093 1348 1262 1388 moveri
1304 1347 1526 1394 desissent,
1558 1346 1620 1388 vis

254 1424 426 1481 frigoris
456 1422 514 1463 ita
545 1422 855 1479 adstringebat,
886 1429 933 1462 ut
964 1435 1112 1461 rursus
1141 1420 1196 1460 ad
1225 1420 1493 1476 surgendum
1517 1433 1618 1459 con-

257 1496 338 1538 niti
374 1510 466 1537 non
503 1501 694 1550 possent.
757 1496 796 1536 A
835 1492 1213 1536 commilitonibus
1252 1498 1479 1548 torpentes
1511 1491 1670 1532 exet-11

255 1567 486 1609 tabantur:
518 1580 660 1621 neque
701 1565 816 1607 aliud
859 1564 1106 1606 remedium
1153 1570 1266 1613 erat,
1303 1578 1434 1621 quam
1475 1571 1525 1603 ut
1558 1563 1620 1619 in-

257 1639 378 1696 gredi
416 1644 690 1694 cogerentur.
761 1640 879 1679 Tum
919 1637 1100 1677 demum
1139 1635 1255 1676 vitali
1302 1635 1446 1678 calore
1477 1642 1619 1682 moto,

257 1710 470 1752 membris
509 1708 661 1765 aliquis
698 1710 870 1751 redibat
906 1709 1042 1765 vigor.
1073 1716 1088 1729 ⁸
1114 1707 1158 1750 Si
1200 1708 1272 1764 qui
1314 1708 1484 1764 tuguria
1524 1708 1668 1748 bar-¹.

258 1782 470 1823 berorum
509 1780 626 1821 adire
658 1789 912 1837 potuerunt,
947 1780 1148 1822 celeriter
1179 1778 1330 1821 refecti
1362 1787 1474 1821 sunt.
1531 1780 1619 1820 Sed

259 1860 382 1895 tanta
415 1851 550 1908 caligo
583 1860 691 1901 erat,
721 1860 770 1894 ut
798 1852 993 1895 aedificia
1027 1851 1142 1893 nulla
1177 1851 1257 1891 alia
1287 1867 1355 1892 res
1386 1867 1519 1908 quam
1552 1851 1618 1892 fu-

259 1940 358 1966 mus
389 1923 652 1966 ostenderet.
722 1925 789 1966 Illi
820 1939 1047 1982 nunquam
1079 1930 1179 1964 ante
1203 1923 1247 1964 in
1277 1923 1403 1964 terris
1433 1923 1518 1965 suis
1546 1924 1666 1965 ad-l·

259 2012 369 2039 vena
408 1996 516 2043 viso,
557 2012 660 2039 cum
699 2005 891 2038 armatos
919 2003 1102 2053 repente
1133 1995 1447 2052 conspicerent,
1481 1995 1621 2037 exani-

259 2069 367 2111 mati
403 2075 539 2118 metu,
579 2069 786 2126 quicquid
827 2069 872 2110 in
909 2068 1087 2124 tuguriis
1124 2075 1218 2109 erat
1261 2068 1528 2118 asserebant,
1570 2075 1619 2109 ut

262 2140 520 2197 corporibus
556 2140 752 2196 ipsorum
790 2148 1045 2198 parceretur
1078 2148 1264 2184 orantes.
1324 2141 1418 2181 Rex
1457 2150 1664 2196 agmenI:

263 2212 525 2254 circumibat
558 2212 706 2268 pedes,
747 2215 935 2254 iacentes
967 2213 1180 2269 quosdam
1215 2211 1394 2267 erigens,
1427 2219 1470 2252 et
1500 2212 1617 2263 alios,

262 2300 364 2326 curn
397 2299 522 2340 aegre
558 2293 856 2341 sequerentur,
888 2284 1156 2326 adminiculo
1188 2283 1384 2339 eorporis
1413 2284 1477 2325 sui
1509 2283 1618 2326 exci-

259 2357 396 2414 piens.
455 2357 585 2398 Nunc
617 2357 671 2397 ad
698 2357 839 2413 prima
869 2359 1000 2414 signa,
1039 2371 1155 2397 nunc
1184 2356 1227 2395 in
1259 2355 1470 2405 medium,
1498 2371 1616 2398 nunc

258 2429 303 2469 in
332 2428 490 2469 ultimo
535 2427 720 2484 agmine,
761 2429 923 2471 itineris
948 2427 1237 2484 multiplicato
1269 2426 1418 2468 labore
1450 2428 1614 2470 aderat.

257 2501 457 2541 Tandem
470 2499 630 2542 adloca
647 2500 826 2542 cultiora
850 2509 1109 2557 perventum
1129 2500 1146 2528 ³
1181 2505 1257 2546 est,
1279 2506 1618 2556 commeatuque
1634 2522 1651 2544 1

257 2605 271 2627 1
300 2603 348 2637 de
375 2607 608 2639 coniectura.
641 2604 765 2650 Vulgo
791 2605 987 2651 accipiunt
1021 2604 1068 2638 ad
1097 2604 1280 2637 medium.
1354 2602 1374 2627 2
1401 2605 1498 2642 Cum
1526 2603 1617 2636 nive

345 2659 511 2692 discussa
527 2659 811 2704 aperirihumus
826 2660 965 2705 coepit.
1008 2659 1027 2688 3
1041 2659 1089 2693 ad
1103 2659 1266 2692 cultiora
1276 2664 1501 2704 perventum
1512 2657 1614 2691 loca.

1664 2730 1668 2765 ,

1660 2767 1667 2961 l
