1703 2961
289 124 344 162 20
738 114 794 170 Q.
827 114 1031 158 CUR'ru
1059 113 1199 157 Ruri
1699 85 1703 122 ³

293 246 377 289 que
408 231 453 271 in
481 244 528 270 re
557 227 732 269 militari
763 227 951 282 gratiora
978 227 1103 282 vulgo
1131 231 1243 275 sunt,
1274 226 1523 268 exercitatio
1553 240 1647 269 cor·
1699 215 1703 274 ff

292 303 411 359 poris
453 301 566 342 inter
605 301 744 356 ipsos,
786 298 926 340 cultus
965 298 1225 354 habitusque
1255 296 1474 353 paulum¹
1512 313 1534 337 a
1565 297 1649 354 pri-
1700 291 1703 302 ”

294 383 393 416 xato
436 372 696 421 abhorrens,
735 370 932 412 militans
967 370 1107 426 vigor3
1153 369 1248 426 quis
1286 368 1354 410 ille
1387 369 1455 410 vel
1491 355 1703 426 ingeniiml

295 446 481 496 dotibus,
522 444 588 485 vel
630 442 764 484 animi
808 442 984 491 artibus,
1027 450 1073 482 ut
1100 441 1264 498 pariter
1291 455 1416 483 carus
1448 456 1499 482 ac
1526 456 1651 483 vene-

294 518 456 559 randus
482 524 601 566 esset,
632 514 852 557 effecerat.

234 615 282 661 17
408 619 468 659 At
503 618 686 664 Dareus,
725 612 878 656 nuntio
919 612 971 654 de
1011 613 1188 656 adversa
1232 610 1479 656 valetudine
1518 610 1608 654 eius
1630 615 1703 658 ²v1¹

295 698 493 747 accepto,
524 688 759 735 celeritate,
785 692 997 743 quantam
1037 702 1192 743 capere
1219 694 1312 728 tarn
1339 701 1466 743 grave
1499 699 1655 741 agmen

295 770 484 820 poterat,
521 760 575 801 ad
613 758 872 816 Euphraten
912 759 1162 810 contendit,
1197 759 1436 816 iunctoque
1466 773 1518 798 eo
1548 771 1657 814 pon-

294 836 421 885 tibus,
461 832 654 890 quinque
686 839 836 872 tamen
877 829 1027 871 diebus
1068 831 1239 871 traiecit
1276 829 1527 878 exercitum,
1556 827 1656 870 Cili⁴

295 908 407 949 ciam
448 913 665 960 occupare
711 902 931 944 festinans.
1007 902 1139 942 Iam³
1183 901 1449 950 Alexander,
1488 899 1651 941 viribus
1684 912 1698 935 2

294 979 492 1034 corporis
532 975 728 1032 receptis,
769 975 824 1016 ad
861 973 1016 1014 urbem
1057 973 1184 1015 Solos
1222 979 1499 1030 pervenerat:
1529 970 1651 1013 cuius

292 1051 473 1106 potitus,
503 1048 700 1089 ducentis
732 1046 902 1087 talentis
932 1044 1095 1085 multae
1122 1047 1302 1086 nominc
1330 1047 1352 1071 ⁴
1386 1044 1556 1093 exactis,
1588 1057 1652 1083 ar-

295 1122 332 1163 ci
363 1119 628 1176 praesidium
659 1118 849 1159 militum
870 1117 1090 1172 imposuit.
1149 1119 1266 1158 Vota
1299 1115 1456 1160 deinde
1486 1129 1567 1171 pro
1595 1126 1656 1154 sa·
1684 1129 1699 1158 3

293 1193 382 1233 lute
420 1199 621 1247 suscepta
656 1204 736 1247 per
770 1188 925 1229 ludum
957 1196 1088 1244 atque
1118 1187 1259 1228 otium
1285 1187 1483 1236 reddens,
1514 1193 1658 1227 osten-

294 1265 369 1312 dit,
407 1270 568 1320 quanta
603 1261 762 1303 fiducia
801 1260 1013 1301 barbaros
1043 1267 1288 1316 sperneret:
1348 1259 1543 1316 quippe⁵
1575 1259 1656 1299 Ae-

292 1334 484 1391 sculapio
538 1340 582 1375 et
621 1332 843 1374 Minervae
902 1331 1028 1372 ludos
1089 1331 1334 1374 celebravit.
1425 1329 1652 1388 Spectanti
1682 1344 1699 1370 4

291 1406 469 1447 nuntius
508 1405 645 1446 laetus
682 1404 866 1445 affertur
906 1403 1211 1446 Halicarnasso
1237 1406 1272 1452 ⁶,
1311 1405 1461 1445 Persas
1499 1402 1590 1444 acie
1631 1415 1654 1442 a

291 1478 377 1519 suis
425 1491 514 1517 esse
559 1483 810 1532 superatos,
844 1475 1050 1532 Myndios
1094 1489 1270 1533 quoque
1308 1483 1349 1517 et
1379 1473 1574 1517 Caunios
1613 1480 1656 1514 et

288 1550 496 1607 pleraque
539 1555 705 1589 tractus
735 1548 824 1588 eius
846 1561 947 1589 suae
979 1548 1094 1589 faeta
1136 1547 1336 1589 dicionis.
1404 1547 1540 1603 Igitur
1571 1545 1656 1587 edi-
1686 1562 1699 1589 ⁵

289 1630 337 1664 to
387 1620 637 1677 spectaculo
685 1620 867 1669 ludicro,
921 1619 1159 1676 castrisque
1203 1620 1346 1669 motis,
1386 1626 1430 1660 et
1465 1619 1654 1675 Pyramo

290 1709 419 1736 amne
460 1699 596 1749 ponte
641 1690 805 1742 iuncto,
838 1692 892 1732 ad
923 1691 1080 1732 urbem
1107 1691 1274 1732 Mallon
1305 1689 1523 1747 pervenit:
1553 1689 1653 1730 inde

291 1765 434 1807 alteris
473 1763 621 1805 castris
661 1763 716 1804 ad
754 1763 968 1821 oppidum
1008 1762 1310 1804 Castabulum.
1381 1762 1447 1803 Ibi
1477 1762 1652 1802 Parme-
1683 1772 1699 1800 e

290 1837 364 1878 nio
397 1836 484 1892 regi
524 1834 731 1883 occurrit,
765 1850 899 1893 quem
934 1834 1222 1890 praemiserat
1253 1835 1308 1875 ad
1336 1831 1651 1891 explorandum

290 1908 371 1949 iter
416 1907 566 1958 saltus,
641 1920 719 1964 per
777 1922 909 1964 quem
969 1907 1024 1948 ad
1084 1907 1239 1948 urbem
1293 1907 1415 1948 Isson
1472 1902 1651 1946 nomine

289 1980 614 2036 penetrandum
653 1986 756 2020 erat.
824 1981 970 2036 Atque
1008 1978 1076 2020 ille
1107 1977 1312 2035 angustiis
1346 1977 1435 2019 eius
1465 1990 1652 2032 occupa·
1682 1995 1700 2020 7

288 2051 353 2099 tis,
387 2058 430 2092 et
464 2051 683 2107 praesidio
726 2051 905 2093 modico
947 2051 1116 2101 relicto,
1156 2053 1272 2091 lsson
1307 2064 1482 2106 quoque
1513 2049 1654 2089 deser-

287 2130 377 2164 tam
416 2139 439 2164 a
480 2124 677 2165 barbaris
717 2130 906 2180 ceperat.
974 2123 1080 2164 Inde
1113 2136 1374 2178 progressu&
1409 2120 1650 2162 deturbatis

287 2196 361 2251 qui
406 2195 610 2236 interiora
649 2195 870 2237 montium
911 2194 1185 2243 obsidebant,
1223 2193 1446 2250 praesidiis
1491 2199 1650 2234 cuncta

287 2266 486 2316 firmavit,
519 2275 827 2324 occupatoque
857 2266 1025 2315 itinere,
1055 2267 1167 2307 sicut
1195 2265 1324 2321 paulo
1358 2271 1458 2305 ante
1481 2264 1650 2305 dictum

285 2346 361 2387 est,
390 2339 506 2379 idem
548 2346 591 2379 et
622 2348 777 2381 auctor
808 2347 851 2380 et
881 2339 1059 2380 nuntius
1085 2337 1215 2378 venit.
1302 2338 1423 2378 Isson
1452 2336 1644 2377 deinde⁷
1680 2345 1699 2373 8

283 2425 357 2451 rex
394 2411 542 2466 copias
575 2411 790 2453 admovit:
827 2409 900 2451 ubi
944 2409 1122 2452 consilio
1156 2409 1321 2459 habito,
1353 2416 1560 2449 utrumne
1590 2408 1650 2449 ul-

284 2555 298 2578 1
335 2554 547 2599 paululum.
720 2553 739 2578 2
770 2553 876 2590 (ὤσει
1045 2553 1063 2583 3
1100 2555 1264 2598 iamque.
1429 2554 1451 2586 4
1487 2553 1646 2586 nomine

367 2609 520 2643 multae.
638 2609 656 2636 5
685 2608 805 2643 abac.
926 2608 945 2634 6
974 2608 1128 2642 affertur
1162 2619 1216 2640 ex
1252 2605 1375 2640 Halic.
1493 2607 1510 2634 7
1538 2606 1644 2645 inde.
