1703 2961
224 124 312 165 280
693 119 750 176 Q.
782 120 990 166 CURTH
1019 120 1161 164 Rurl

184 878 238 917 53

204 2315 258 2361 34
353 2319 489 2376 Igitur
513 2317 755 2359 Alexandro
785 2318 890 2359 fines
921 2318 1072 2359 Indiae
1103 2319 1292 2373 ingresso
1314 2317 1509 2374 gentium
1533 2334 1676 2364 sua-x.

238 231 436 282 conficit3
473 230 647 289 longior
682 232 759 274 ubi
801 234 1020 291 expeditio
1057 239 1136 282 est,
1177 233 1392 290 elephanti
1430 235 1599 278 vehunt:

242 319 436 354 currum,
486 311 531 346 et
574 311 799 346 tantarum
842 305 1072 347 beluarum
1111 321 1297 360 corpora
1329 314 1422 349 tota
1452 316 1602 350 conte-

240 383 350 432 gunt
378 391 499 418 auro.
568 378 634 419 Ae
666 391 722 417 ne
761 376 867 434 quid
896 377 1076 434 perditis
1106 377 1304 420 moribus
1333 379 1454 430 desit,
1484 380 1604 422 lecti-

244 449 303 490 cis
331 448 473 490 aureis
512 447 720 505 pellicum
752 448 907 505 longus
944 449 1055 490 ordo
1099 450 1316 506 sequitur:
1352 459 1604 507 separatum

244 535 269 562 a
307 521 478 576 reginae
520 519 676 561 ordine
714 535 871 576 agmen
917 528 994 568 est,
1045 529 1291 578 aequatque
1339 521 1598 564 luxuriam.¹

244 591 455 633 Feminae
495 591 642 647 epulas
682 599 854 648 parant.
920 593 988 633 Ab
1028 592 1181 634 iisdem
1208 593 1361 634 vinum
1390 594 1670 635 ministra-30

245 670 329 712 tur,
363 664 484 704 cuius
513 662 718 705 omnibus
746 664 863 705 Indis
891 663 1033 720 largus
1063 671 1127 705 est
1155 680 1270 708 usus,
1326 666 1493 722 Regem
1518 681 1608 707 me-

245 749 296 775 ro
325 749 570 790 somnoque
606 735 802 791 sopitum
842 736 886 777 in
917 736 1170 778 cubiculum
1197 736 1371 793 pellices
1399 737 1608 786 referunt,

244 805 390 862 patrio
424 806 620 847 carmine
653 808 853 849 noctium
882 808 1136 860 inyocantes
1168 809 1286 850 deos,

333 877 440 932 Quis
471 879 621 922 credat
650 879 765 920 inter
793 880 902 923 haec
929 880 1029 921 vitia
1061 895 1214 922 curam
1241 895 1330 921 esse
1349 879 1672 936 sapientiae?31

248 950 401 991 Unum
444 958 612 1008 agreste
659 958 703 992 et
731 951 963 994 horridum
994 967 1128 1009 genus
1156 960 1234 999 est,
1261 953 1413 1008 quod²
1447 953 1612 1009 sapien-

248 1028 314 1062 tes
345 1030 521 1063 vocant.
582 1023 715 1079 Apud
744 1023 826 1065 hos
858 1039 1078 1081 occupare
1107 1024 1185 1065 fati
1216 1024 1334 1065 diem
1363 1023 1612 1080 pulchrum,

251 1101 296 1135 et
323 1094 444 1135 vivos
474 1110 518 1135 se
563 1095 749 1136 cremari
788 1096 963 1145 iubent,
1005 1096 1163 1153 quibus
1199 1102 1275 1137 aut
1313 1095 1451 1151 segnis
1495 1102 1611 1135 aetas
1629 1109 1676 1138 32

253 1173 327 1207 aut
376 1167 664 1209 incommoda
715 1167 922 1209 valetudo
971 1175 1052 1209 est:
1098 1175 1371 1224 expectatam
1421 1173 1614 1208 mortem

252 1252 334 1294 pro
373 1238 590 1280 dedecore
638 1240 751 1280 vitae
798 1239 980 1280 habent.
1057 1240 1152 1281 Nec
1196 1240 1306 1280 ullus
1341 1238 1614 1295 corporibus,

253 1325 363 1366 quae
394 1317 594 1352 senectus
621 1311 758 1360 solvit,
789 1310 934 1351 honos
961 1311 1181 1352 redditur:
1209 1311 1426 1367 inquinari
1458 1317 1617 1366 putant

252 1381 412 1438 ignem,
451 1382 530 1423 nisi
569 1383 643 1439 qui
684 1383 897 1439 spirantes
927 1382 1097 1438 recipit.
1150 1382 1230 1433 Illi,
1263 1382 1335 1438 qui
1364 1382 1407 1423 in
1437 1382 1616 1423 urbibus
1631 1397 1679 1426 33

252 1452 438 1510 publicis
466 1454 665 1496 moribus
694 1455 869 1511 degunt,
897 1453 1091 1494 siderum
1117 1461 1265 1495 motus
1285 1454 1390 1495 scite
1418 1461 1617 1509 spectare

257 1525 466 1567 dicuntur
505 1533 549 1567 et
585 1525 733 1567 [utura
771 1525 1041 1583 praedicere.
1105 1527 1200 1567 Nec
1236 1540 1506 1582 quemquam
1545 1525 1618 1566 ad-

257 1612 439 1638 movere
465 1597 539 1639 leti
582 1599 700 1640 diem
744 1598 945 1647 credunt,
981 1597 1050 1638 cui
1088 1605 1315 1653 expectare
1344 1597 1544 1638 interrito
1572 1597 1620 1638 li-

1685 549 1688 565 1

1685 572 1688 606 1

261 1676 371 1711 ceat.
427 1671 549 1711 Deos
586 1678 747 1727 putant
784 1669 993 1727 quicquid
1032 1669 1176 1710 colere
1215 1675 1470 1725 coeperunt,
1501 1669 1682 1713 arbo-34

259 1756 328 1782 res
354 1741 556 1790 maxime,
587 1757 693 1798 quas
722 1742 883 1783 violare
915 1740 1105 1797 capital³
1141 1747 1217 1782 est.
1258 1740 1431 1782 Menses
1458 1740 1503 1781 in
1530 1741 1620 1797 qui-
1638 1758 1684 1786 35

259 1828 340 1854 nos
384 1813 520 1854 denos
562 1813 886 1870 descripserunt
923 1813 1025 1863 dies,
1068 1813 1169 1854 anni
1209 1812 1337 1869 plena
1368 1813 1504 1868 spatia
1535 1827 1621 1854 ser-

261 1892 433 1928 vantur.
451 1889 473 1912 4
521 1885 672 1926 Lunae
703 1900 831 1926 cursu
856 1893 1014 1927 notant
1039 1892 1255 1941 tempora,
1286 1900 1390 1935 non,
1422 1892 1472 1926 ut
1494 1885 1685 1942 pleri-36

263 1973 360 2014 que,
388 1973 490 1999 cum
530 1958 685 1998 orbem
722 1957 838 1998 sidus
881 1957 1088 2013 implevit,
1128 1956 1203 1997 sed
1232 1972 1334 1998 cum
1363 1972 1407 1998 se
1432 1972 1620 1999 curvare

264 2031 411 2087 coepit
442 2030 487 2071 in
517 2043 696 2076 cornua,
727 2036 772 2070 et
799 2030 966 2072 idcirco
993 2028 1214 2070 breviores
1241 2026 1408 2070 habent
1437 2044 1621 2081 menses,

265 2102 338 2159 qui
368 2102 558 2158 spatium
594 2116 750 2142 eorum
787 2103 842 2143 ad
875 2102 996 2144 hunc
1037 2101 1165 2142 lunae
1198 2100 1385 2141 modum
1417 2101 1619 2159 dirigunt.

264 2175 402 2216 Multa
438 2182 482 2216 et
521 2173 603 2215 alia
640 2174 887 2225 traduntur,
928 2174 1084 2231 quibus
1122 2172 1283 2214 morari
1326 2174 1527 2215 ordinem
1556 2189 1682 2219 νει-37

265 2262 365 2288 rum
395 2247 515 2288 haud
542 2261 642 2287 sane
671 2261 830 2302 operae
861 2246 1106 2289 videbatur.

266 2406 368 2433 rum
403 2390 536 2447 reguli
578 2399 888 2440 occurrerunt,
927 2391 1140 2447 imperata
1181 2391 1359 2440 facturi,
1391 2390 1514 2432 illum
1540 2398 1623 2433 ter-

266 2463 378 2505 tium
410 2464 512 2504 Iove
549 2462 745 2519 genitum
789 2464 844 2505 ad
879 2463 995 2520 ipsos
1031 2464 1276 2519 pervenisse
1306 2470 1622 2506 memorantes:
1693 2504 1696 2523 1

276 2616 294 2642 1
319 2615 481 2650 luxuria.
669 2616 688 2640 2
714 2628 818 2660 quos.
992 2615 1012 2646 3
1040 2616 1214 2661 capitale.
1417 2618 1440 2651 4
1466 2622 1626 2654 servant.
