1703 2961
203 77 221 100 Γ

200 73 253 116 04
646 77 704 134 Q.
736 78 945 122 CURTH
971 80 1111 122 Ruri

201 186 503 229 Macedonum
524 195 678 240 turres,
699 190 775 232 sed
797 191 929 233 etiam
949 206 1120 233 summa
1143 192 1337 236 tabulata
1352 210 1567 253 concepe-

201 266 303 300 rant
340 259 504 317 ignem:
550 278 653 305 cum
702 262 760 314 hi,
799 263 872 320 qui
913 264 958 305 in
994 264 1186 306 turribus
1225 274 1361 318 erant,
1401 268 1568 326 partim

203 329 484 373 haurirentur
516 333 733 386 incendio,
768 336 930 392 partim
971 338 1102 379 armis
1140 337 1321 387 omissis,
1352 340 1406 390 *in
1444 355 1568 381 mare
1626 325 1630 328 ⁴

203 409 342 443 semet
390 404 469 460 ipsi
524 406 826 449 immitterent.
891 410 951 450 At
994 410 1128 468 Tyrii,
1169 410 1439 468 qui-capere
1476 426 1565 459 eos,

202 488 337 530 quam
375 475 619 520 interficere
651 479 844 530 mallent,
883 482 1130 523 natantium
1159 498 1314 525 manus
1351 482 1569 539 stipitibus

202 545 398 602 saxisque
435 549 703 599 lacerabant,
739 552 880 595 donec
921 553 1130 596 debilitati
1176 556 1358 613 impune
1394 554 1570 613 navigiis

203 617 339 674 excipi
381 628 574 676 possent.
639 622 734 665 Nec
773 624 978 668 incendio
1019 628 1163 669 solum
1203 642 1337 685 opera
1367 641 1571 669 consum-

199 696 290 745 pta,
319 691 394 732 sed
423 691 539 734 sorte
572 694 730 736 eodem
763 696 832 738 die
861 698 1166 742 vehementior
1196 707 1350 742 ventus
1381 705 1530 740 totum
1553 701 1568 723 ¹

201 776 250 801 ex
279 763 503 818 profundo
543 780 665 807 mare
706 767 821 810 illisit
853 769 899 811 in
935 771 1116 823 molem,
1150 772 1399 831 crebrisque
1430 770 1574 813 flucti-

200 831 282 872 bus
325 850 559 894 compages
609 840 754 896 operis
799 841 1056 885 verberatae
1094 844 1304 896 laxavere,
1329 847 1350 869 ²
1385 857 1572 900 saxaque

201 903 457 950 interfluens
487 911 504 938 ³
551 912 668 953 unda
706 913 907 955 medium
945 930 1056 971 opus
1084 916 1216 973 rupit.
1276 913 1474 958 Prorutis
1503 913 1573 970 igi.

200 983 273 1016 tur
306 977 505 1036 lapidum
546 984 743 1035 cumulis,
791 985 947 1043 quibus
984 987 1144 1031 iniecta
1178 996 1296 1031 terra
1335 985 1577 1029 sustineba-

199 1055 283 1099 tur,
324 1067 536 1112 praeceps
568 1055 613 1097 in
640 1056 917 1114 profundum
954 1060 1054 1110 ruit,
1084 1069 1323 1118 tantaeque
1352 1057 1482 1100 molis
1505 1057 1576 1100 vix

199 1120 285 1162 ulla
316 1125 492 1182 vestigia
521 1128 690 1173 invenit
717 1130 879 1173 Arabia
910 1132 1084 1174 rediens
1112 1131 1373 1175 Alexander.

164 1235 183 1247 ’Ἰ

142 1237 186 1275 lo
285 1239 392 1290 Hic,
439 1240 563 1300 quod
614 1242 658 1286 in
698 1246 886 1289 adversis
922 1248 1053 1289 rebus
1082 1247 1192 1288 solet
1231 1246 1345 1298 fieri,
1384 1244 1491 1287 alius
1530 1244 1577 1287 in

197 1308 333 1354 alium
368 1314 546 1372 culpam
574 1319 839 1370 referebant,
864 1321 886 1345 4
919 1336 1021 1361 cum
1053 1326 1207 1361 omnes
1231 1317 1459 1360 verius'de
1488 1333 1579 1359 sae-

200 1385 303 1427 vitia
334 1388 468 1428 maris
489 1390 610 1445 queri
642 1400 830 1448 possent.
887 1393 980 1433 Rex
1010 1393 1110 1434 novi
1141 1392 1287 1448 operis
1315 1390 1482 1431 molem
1507 1404 1576 1431 or-

204 1472 286 1508 sus,
320 1458 365 1500 in
394 1460 626 1503 adversum
653 1472 838 1505 ventum
878 1479 969 1505 non
998 1465 1148 1512 latere,
1175 1463 1251 1505 sed
1277 1470 1399 1505 recta
1432 1462 1579 1504 fronte

206 1529 379 1570 direxit:
424 1547 474 1573 ea
499 1535 515 1562 ⁵
566 1543 710 1577 cetera
751 1552 900 1593 opera,
937 1536 1053 1578 velut
1094 1536 1175 1579 sub
1217 1536 1345 1592 ipsa⁶
1385 1535 1578 1585 latentia,

206 1602 435 1646 tuebatur:
468 1606 744 1650 latitudinem
774 1625 951 1666 quoque
985 1609 1126 1650 amori
1161 1607 1332 1656 adiecit,
1364 1613 1414 1647 ut
1437 1614 1580 1648 turres

1012 1641 1062 1667 00

208 1674 254 1717 in
275 1677 423 1720 medio
456 1680 706 1722 excitatae⁷
737 1681 894 1739 procul
923 1681 995 1723 teli
1021 1681 1139 1723 iactu
1169 1680 1383 1721 abessent.
1441 1679 1578 1720 Totas

207 1757 356 1790 autem
397 1751 576 1794 arbores
617 1770 719 1795 cum
755 1754 1003 1812 ingentibus
1040 1753 1175 1794 ramis
1209 1752 1254 1793 in
1285 1751 1424 1793 altum
1454 1750 1583 1793 iacie-

206 1821 328 1872 bant,
362 1824 521 1866 deinde
551 1826 659 1868 saxis
691 1827 949 1878 onerabant,
976 1840 1213 1883 rursusque
1243 1823 1267 1850 ⁸
1295 1823 1474 1867 cumulo
1509 1838 1583 1865 eo-

206 1909 309 1946 rum
350 1896 453 1939 alias
494 1898 673 1940 arbores
714 1899 985 1948 iniiciebant,
1020 1905 1117 1940 tum
1158 1897 1322 1938 humus
1352 1896 1585 1953 aggeraba-

207 1971 336 2016 tur‚9
378 1985 597 2027 superque
628 1971 733 2013 'alia
770 1980 886 2014 strue
923 1986 1128 2013 saxorum
1171 1959 1473 2026 arborumque
1510 1983 1584 2010 cu-

209 2041 394 2092 mulata,
443 2042 562 2084 velut
609 2044 805 2101 quodam
851 2060 965 2087 nexu
1006 2044 1239 2087 continens
1283 2057 1396 2100 opus
1435 2041 1583 2083 iunxe-

209 2120 322 2154 rant.

289 2185 384 2226 Nec
416 2187 548 2244 Tyrii,
580 2188 791 2245 quicquid
819 2190 874 2231 ad
901 2187 1234 2246 impediendam
1261 2186 1431 2228 molem
1459 2202 1583 2229 exco-

213 2257 337 2313 gitari
372 2266 560 2314 poterat,
588 2261 777 2318 segniter
806 2262 1146 2320 exequebantur.
1192 2259 1488 2317 Praecipuum
1509 2275 1583 2301 au-

151 2474 154 2477 *
210 2479 227 2502 1
258 2485 418 2521 motum,
447 2478 550 2525 quod
573 2477 623 2512 de
657 2481 756 2513 coni.
775 2478 938 2525 suerat.
1237 2478 1258 2504 2
1282 2479 1502 2513 verberatae
1535 2489 1582 2512 se

302 2533 490 2566 laxavere.
556 2533 574 2562 3
604 2534 827 2567 ἱιιυρτΙυεηε.
887 2534 908 2563 4
937 2532 1140 2567 referebat.
1205 2533 1225 2562 ⁵
1253 2533 1373 2579 quod.
1439 2532 1460 2558 6
1483 2533 1580 2579 ipso.

304 2587 322 2614 7
351 2593 511 2620 erectae.
716 2588 734 2614 8
759 2599 898 2621 rursus.
1100 2587 1121 2614 9
1147 2588 1404 2634 aggerebatur.
