1703 2961
215 138 300 181 350
683 136 739 192 Q.
778 135 982 179 CURTII
1009 136 1150 179 RUFI

218 251 262 284 in
296 249 621 283 mercenariorum
656 249 824 282 militum
862 246 980 282 fidem
1004 247 1295 294 confugiebant,
1323 251 1479 286 illorum
1508 264 1585 287 ma-

218 312 344 350 nibus,
381 312 412 345 si
450 311 501 344 ad
537 310 771 356 supplicium
796 317 1062 355 poscerentur,
1089 310 1250 344 salutem
1276 323 1383 346 suam
1409 315 1588 357 tutaturi3

218 382 284 408 aut
308 373 484 420 pecunia.
521 379 664 418 quanta
697 379 864 418 poterat,
907 378 1055 412 coacta,
1088 370 1217 416 fugam
1255 372 1419 408 inibant.
1469 376 1523 409 Ea
1547 387 1589 409 re

220 437 375 482 cognita
406 435 556 468 litterae
590 434 639 467 ad
674 445 806 467 omnes
843 433 951 468 Asiae
983 439 1180 480 praetores
1215 433 1351 468 missae
1377 444 1477 479 sunt,
1507 438 1589 483 qui-

219 498 290 532 bus
319 496 497 543 inspectis
524 506 544 528 e
567 494 730 539 vestigio
760 507 893 528 omnes
921 494 1146 541 peregrinos
1173 494 1326 537 milites,
1355 499 1421 543 qui
1446 499 1591 544 stipen-

221 559 289 593 dia
315 559 384 592 sub
411 557 502 603 ipsis
547 556 734 596 facerent,
770 556 960 589 dimittere
995 555 1237 589 iubebantur.
1287 557 1375 591 Erat
1400 560 1500 593 inter
1525 571 1589 594 eos

219 620 421 666 Harpalus,
457 627 571 663 quem
607 616 834 659 Alexander,
861 617 966 663 quod
991 617 1041 650 ob
1068 617 1188 663 ipsius
1217 619 1425 653 amicitiam
1453 622 1546 654 olim
1568 633 1590 656 a

219 681 404 726 Philippo
433 679 575 712 eiectus
609 679 734 712 solum
770 679 953 721 vertisset,
987 679 1087 712 inter
1112 677 1316 714 fidissimos
1346 681 1527 725 habebat,
1554 690 1591 716 et

219 750 309 790 post
335 740 483 774 Mazaei
521 747 683 772 mortem
712 740 879 785 satrapia
913 739 1152 784 Babyloniae
1191 741 1411 786 donaverat,
1439 744 1590 778 thesau-

220 813 429 848 rorumque
455 801 651 835 custodiae
676 801 923 847 praefecerat.
971 802 1002 833 Is
1025 801 1141 847 igitur
1162 814 1248 836 cum
1269 801 1460 848 fiduciam,
1477 818 1591 852 quam

222 867 265 900 in
289 862 590 911 propensissima
615 863 710 909 regis
736 863 855 909 gratia
879 862 1022 895 habere
1045 870 1208 909 poterat,
1236 867 1501 911 magnitudine
1528 868 1594 901 ssa-

224 928 404 974 gitiorum
426 925 735 970 consumpsisset,
761 923 933 969 quinque
956 924 1189 958 talentorum
1217 926 1324 959 milia
1353 938 1398 960 ex
1423 939 1514 973 gaza
1539 940 1595 962 re-

223 990 286 1035 gia
315 988 433 1034 rapit,
467 985 739 1031 conductaque
771 997 836 1019 sex
868 985 1019 1018 milium
1050 988 1373 1022 mercenariorum
1399 1001 1528 1031 manu,
1555 991 1596 1024 in

221 1052 419 1096 Europam
441 1048 578 1081 evadit.
608 1047 841 1093 Iampridem
871 1048 975 1080 enim
999 1047 1092 1080 luxu
1115 1055 1151 1081 et
1178 1048 1405 1082 libidinibus
1430 1050 1472 1083 in
1488 1062 1596 1096 prae-

225 1124 314 1159 ceps
353 1116 507 1151 tractus,
542 1108 818 1155 desperataque
852 1109 956 1154 apud
991 1120 1118 1154 regem
1143 1111 1269 1153 venia,
1296 1111 1472 1144 adversus
1500 1112 1597 1145 iram

223 1175 342 1223 ipsius
368 1173 409 1206 in
434 1172 568 1205 alienis
595 1171 733 1217 opibus
760 1170 973 1204 subsidium
1001 1171 1296 1217 circumspicere
1325 1180 1531 1218 coeperat3
1560 1181 1597 1207 et

224 1235 493 1274 Athenienses,
520 1245 684 1278 quorum
713 1245 793 1265 non
821 1232 1146 1266 contemnendam
1172 1233 1399 1278 potentiam,
1428 1242 1464 1267 et
1489 1235 1595 1281 apud

227 1306 373 1333 ceteros
402 1296 569 1328 Graecos
604 1293 894 1332 auctoritatem,
936 1301 1017 1326 tum
1052 1294 1248 1326 occultum
1282 1294 1323 1327 in
1359 1296 1594 1329 Macedonas

227 1360 364 1394 odium
398 1362 522 1397 norat,
557 1354 692 1388 sedulo
734 1355 918 1388 coluerat.
979 1356 1112 1400 ltaque
1157 1366 1264 1401 spem
1301 1356 1377 1389 suis
1414 1356 1594 1396 faciebat,

224 1419 479 1455 Athenienses
513 1415 680 1449 adventu
702 1427 772 1448 suo
804 1416 974 1461 cognito,
996 1417 1197 1461 copiisque
1224 1424 1260 1449 et
1282 1417 1471 1462 pecuniis,
1499 1430 1593 1464 quas

225 1483 445 1522 adduceret,
479 1488 608 1512 coram
643 1477 840 1522 inspectis,
874 1477 1050 1523 protinus
1076 1489 1180 1510 arma
1200 1479 1441 1524 consiliaque
1468 1479 1591 1514 socia-

224 1553 330 1579 turos
363 1552 454 1576 esse.
512 1541 611 1573 Nam
643 1539 747 1585 apud
772 1540 962 1585 populum
997 1538 1217 1584 imperitum
1241 1546 1277 1571 et
1302 1540 1501 1583 mobilem,
1526 1552 1596 1587 per

225 1605 406 1641 homines
441 1601 638 1648 improbos
676 1607 712 1633 et
747 1601 906 1636 avaritia
939 1601 1112 1640 venales,
1152 1601 1283 1634 omnia
1307 1612 1346 1634 se
1373 1603 1596 1637 muneribus

227 1673 525 1704 consecuturum
556 1662 830 1708 existimabat]

306 1759 447 1816 Igitur
486 1753 663 1810 triginta
705 1753 888 1795 navibus
923 1752 1113 1795 Sunium
1144 1752 1462 1794 transmittunt.
1491 1754 1653 1796 Pro-11.

225 1830 504 1876 montorium
535 1833 599 1867 est
626 1825 799 1867 Atticae
829 1833 983 1875 terrae,
1016 1825 1133 1865 unde
1162 1833 1341 1879 portum
1374 1825 1493 1867 urbis
1522 1842 1596 1882 pe·
1627 1845 1648 1867 2

226 1913 321 1948 tere
344 1904 642 1944 decreverant.
704 1897 791 1952 His,
809 1897 1006 1954 cognitis,
1033 1912 1107 1938 rex
1137 1897 1330 1953 Harpalo
1360 1897 1599 1938 Athenien-

229 1978 435 2033 sibusque
466 1973 582 2014 iuxta
613 1970 793 2012 infestus
820 1970 1002 2012 classem
1034 1969 1179 2026 parari
1221 1969 1362 2019 iubet,
1403 1969 1597 2010 Athenas

226 2049 428 2107 protinus
446 2044 676 2102 petiturus.
722 2043 857 2099 Quod
888 2042 1119 2085 consilium
1141 2056 1244 2082 cum
1275 2041 1389 2083 clam
1423 2041 1591 2098 agitat,¹

226 2123 399 2165 litterae
431 2118 468 2160 ei
500 2116 760 2165 redduntur,
790 2115 1034 2172 Harpalum
1054 2114 1234 2155 intrasse
1264 2113 1443 2170 quidem
1462 2113 1597 2155 Athe·
1629 2131 1648 2159 3

228 2211 319 2244 nas,
360 2189 547 2249 pecunia
579 2188 831 2231 conciliasse
861 2187 939 2229 sibi
978 2186 1231 2243 principum
1275 2187 1465 2228 animos:
1494 2201 1599 2227 mox

233 2265 419 2310 concilio
453 2260 591 2320 plebis
617 2259 770 2302 habito
799 2261 963 2301 iussum
994 2259 1102 2300 urbe
1130 2258 1352 2306 excedere,
1379 2259 1433 2299 ad
1464 2257 1599 2299 Grae·

234 2354 310 2382 cos
342 2336 499 2378 milites
535 2333 801 2388 pervenisse,
838 2331 995 2388 quibus
1040 2331 1085 2372 in
1124 2329 1306 2372 Cretam
1334 2329 1544 2376 traiectis,
1574 2344 1597 2370 a

235 2410 434 2467 quodam
462 2405 739 2448 Thimhrone
771 2405 1090 2460 interemptum
1119 2417 1199 2459 per
1227 2401 1449 2443 insidias-²
1521 2400 1598 2442 His
1627 2421 1652 2446 4

235 2602 255 2627 1
283 2601 374 2634 dum
400 2599 515 2644 agitat
538 2599 652 2632 clam.
887 2596 907 2621 2
933 2596 1052 2629 Totus
1077 2595 1180 2629 locus
1197 2594 1245 2629 de
1272 2596 1496 2629 coniectura
1511 2591 1603 2638 suit

328 2652 604 2697 restituendus,
641 2665 732 2688 nam
755 2650 851 2685 libri
873 2662 958 2684 mss.
991 2650 1129 2695 quibus
1156 2651 1412 2695 interceptum
1439 2647 1604 2681 trucida-

1501 2703 1518 2726 1
