1703 2961
5 140 8 177 j
415 126 497 168 DE
528 122 735 167 GESTIS
767 121 934 165 ALEx.
957 122 1030 174 Vl,
1060 122 1127 165 36.
1387 123 1465 169 187

52 253 99 282 34
112 255 182 282 rus
206 238 444 280 videbatur.
510 240 696 292 Iamque
726 249 814 282 reX‚
846 236 1019 277 intuens
1054 251 1169 284 eum,
1208 239 1469 278 Macedones

115 311 264 368 inquit,
302 313 355 352 de
393 323 437 352 te
478 311 716 352 iudicaturi
743 319 868 349 sunt:
909 325 1088 364 quaero,
1131 326 1184 349 an
1210 313 1358 363 patrio
1384 326 1468 351 ser-

53 396 96 424 35
113 400 230 425 mone
262 387 324 424 sis
365 387 481 439 apud
521 398 591 424 eos·
628 398 793 422 usurus.
873 382 991 422 Tum
1041 380 1249 429 Philotas,
1286 385 1470 423 Praeter

108 459 386 506 laucedonas,
438 455 603 511 inquit,
654 457 849 511 plerique
910 457 1093 505 adsunt,
1141 470 1247 508 quos
1278 453 1473 513 facilius

111 545 218 586 quae
259 533 401 570 dicam
453 539 731 584 percepturos
765 530 975 577 arbitror,
1032 530 1073 567 si
1123 531 1271 568 eadem
1322 531 1470 583 lingua

4 637 8 685 Ι
96 600 231 660 suero
263 619 375 651 usus,
416 619 500 658 qua
544 613 591 643 tu
625 605 769 656 egisti,
807 619 890 643 non
930 603 982 642 ob
1013 602 1145 649 aliud,
1173 604 1314 650 credo,
1343 620 1470 659 quam

3 678 17 724 ι’
50 687 100 720 36
110 687 158 717 ut
189 679 332 718 oratio
369 687 444 716 tua
484 677 677 729 intelligi
711 686 862 730 posset
899 691 924 715 a
961 675 1167 728 pluribus.
1233 676 1350 716 Tum
1381 691 1469 725 rex,

4 732 8 765 ⁸
111 750 283 805 Ecquid
310 751 490 797 videtis,
527 751 636 790 adeo
680 752 811 789 etiam
839 750 1047 788 sermonis
1074 751 1216 801 patrii
1245 750 1470 790 Philotam

113 825 315 865 taedere?
342 823 457 864 solus
496 824 657 878 quippe
678 819 881 879 fastidit
907 837 998 861 eum
1029 822 1202 860 discere.
1220 824 1233 845 ¹
1295 824 1382 863 Sed
1406 825 1471 864 di·

109 906 181 936 cat
211 912 323 944 sane,
352 907 561 949 utcunque
589 898 631 934 ei
647 896 665 918 ²
699 898 823 937 cordi
849 906 926 944 est,
954 895 1055 934 dum
1081 896 1376 944 memineritis,
1406 911 1471 936 ae·

109 985 189 1024 que
214 971 335 1010 illum
363 986 392 1009 a
429 979 577 1010 nostro
613 984 738 1016 more,
771 984 898 1023 quam
926 967 986 1008 a³
1013 983 1204 1009 sermone
1231 969 1470 1010 abhorrere.

109 1042 254 1097 Atque
285 1041 342 1082 ita
376 1041 582 1082 contione
611 1041 803 1081 excessit.

50 1120 88 1149 X·
195 1113 310 1152 Tum
338 1112 540 1162 Philotas,
572 1113 729 1161 Verba,
762 1111 915 1166 inquit,
943 1114 1163 1153 innocenti
1190 1114 1377 1166 reperire
1391 1110 1535 1170 set-37

59 1197 79 1219 ²
112 1187 192 1226 cite
218 1196 296 1234 est,
329 1187 499 1226 modum
530 1187 756 1227 verborum
795 1186 949 1226 misero
980 1196 1122 1226 tenere
1152 1183 1353 1242 difficile.
1381 1188 1472 1226 Ita-

109 1275 188 1314 que
215 1261 328 1299 inter
373 1262 588 1312 optimam
627 1260 930 1300 conscientiam
970 1269 1013 1300 et
1039 1260 1355 1314 iniquissimam
1371 1256 1472 1317 for-

111 1343 255 1374 tunam
293 1333 545 1382 destitutus‚
586 1335 739 1386 ignoro
777 1333 990 1386 quomodo
1031 1342 1075 1372 et
1105 1334 1247 1372 animo
1287 1347 1392 1378 meo,
1430 1342 1475 1373 et

61 1409 79 1438 3
112 1406 300 1458 tempori
349 1421 534 1458 paream.
595 1405 732 1446 Abest
765 1406 939 1459 quidem
969 1407 1161 1458 optimus
1186 1421 1336 1445 causae
1359 1421 1476 1446 meae

111 1478 265 1517 iudex:
296 1479 371 1531 qui
399 1494 473 1517 cur
501 1493 564 1517 me
596 1479 691 1531 ipse
721 1480 872 1517 audire
901 1478 1102 1525 noluerit,
1134 1493 1218 1519 non
1245 1481 1477 1519 mehercule

112 1552 339 1602 excogito,
398 1566 490 1590 cum
529 1551 599 1589 illi
642 1552 856 1605 utrimque
900 1553 1077 1603 cognita
1111 1565 1237 1592 causa
1270 1561 1362 1592 tam
1405 1551 1476 1592 da-

112 1639 255 1663 mnare
281 1639 344 1662 me
377 1623 521 1670 liceat,
550 1638 677 1677 quam
703 1623 940 1672 absolvere,
972 1639 1056 1664 non
1084 1626 1261 1677 cognita
1287 1640 1392 1665 vero
1424 1626 1475 1665 li.

113 1697 254 1737 berar-i
300 1695 352 1735 ab
393 1696 566 1735 absente
615 1711 698 1736 non
730 1711 921 1750 possum,
969 1697 1046 1750 qui
1081 1711 1108 1735 a
1145 1708 1370 1749 praesente
1399 1699 1475 1738 da-

60 1789 84 1814 4
113 1779 284 1810 mnatus
300 1784 405 1808 sum.
446 1770 532 1809 Sed
553 1784 809 1825 quamquam
838 1770 982 1808 vincti
997 1771 1185 1809 hominis
1213 1784 1296 1810 non
1327 1786 1474 1823 super-

111 1858 252 1883 vacua
281 1843 433 1887 solum,
461 1844 540 1883 sed
569 1845 702 1882 etiam
733 1843 881 1881 invisa
907 1839 1104 1898 defensio
1138 1852 1216 1889 est,
1247 1846 1382 1896 quia4
1414 1847 1475 1885 iu-

113 1918 252 1957 dicem
287 1930 370 1956 non
399 1916 550 1955 docere
576 1917 767 1962 videtur,
799 1915 876 1954 sed
909 1930 1105 1967 arguere:
1135 1924 1290 1964 tamen,
1329 1927 1477 1958 utcun-

114 2005 195 2044 que
234 1989 337 2028 licet
372 1990 467 2026 me³
511 1990 673 2035 dicere,
712 1998 866 2028 memet
907 1989 1001 2040 ipse
1040 2002 1125 2028 non
1162 1989 1368 2038 deseram,
1405 2007 1478 2031 nec

115 2063 397 2109 committam,
425 2071 475 2101 ut
508 2063 737 2101 damnatus
770 2063 901 2101 etiam
932 2076 1026 2100 mea
1063 2063 1280 2102 sententia
1307 2065 1475 2106 videar.

69 2155 86 2183 5
117 2135 334 2189 Equidem
372 2136 488 2174 cuius
523 2136 720 2175 criminis
759 2150 856 2174 reus
899 2136 998 2180 sim,
1038 2149 1123 2174 non
1151 2136 1297 2176 video.
1356 2140 1478 2178 Inter

120 2210 366 2249 coniuratos
405 2222 524 2248 nemo
567 2223 631 2247 me
662 2210 859 2248 nominat
868 2224 881 2256 ,-
914 2209 967 2246 de
997 2223 1061 2246 me
1094 2209 1385 2249 Nicomachus
1410 2213 1477 2251 ni-

119 2281 182 2321 hil
211 2282 352 2329 dixit;
389 2280 614 2321 Cebalinus
643 2281 744 2334 plus
770 2295 898 2335 quam
927 2281 1130 2321 audierat
1156 2283 1266 2321 scire
1290 2298 1374 2324 non
1401 2300 1478 2339 po-

70 2366 94 2395 6
122 2355 222 2394 tuit-
278 2355 415 2408 Atqui
451 2355 764 2395 coniurationis
792 2365 924 2406 caput
952 2369 1016 2393 me
1028 2350 1181 2410 fuisse
1211 2357 1349 2397 credit
1373 2361 1480 2399 rex!

121 2427 279 2467 Potuit
307 2441 407 2479 ergo
432 2428 627 2468 Dimnus
651 2442 743 2467 eum
769 2427 1020 2481 praeterire,
1048 2441 1169 2482 quem
1197 2430 1480 2484 sequebatur?

119 2570 138 2594 1
164 2564 305 2603 dicere.
553 2570 574 2595 2
598 2569 720 2604 abest.
972 2569 992 2599 3
1019 2582 1125 2604 more
1149 2579 1263 2616 atque
1287 2583 1477 2608 sermone.

206 2624 228 2655 4
254 2623 317 2658 Sic
340 2635 362 2657 e
385 2626 482 2660 coni.
508 2622 625 2658 Codd.
656 2623 734 2669 qui.
764 2620 852 2657 edd.
883 2634 995 2668 quae.
1048 2640 1058 2644 -
1197 2625 1218 2653 5
1243 2625 1364 2662 abest.
