1703 2961
412 131 493 174 DE
525 131 738 176 GESTIS
768 133 936 186 ALEX.
970 133 1023 182 X,
1056 133 1123 175 14.
1363 132 1445 175 355

84 244 349 294 militonum,
391 259 493 286 cum
533 243 613 286 sub
653 252 832 286 noctem
862 243 1117 286 interfectos
1147 260 1236 286 esse
1266 260 1447 301 cognos-

83 323 190 366 sent,
213 319 225 340 ¹
263 323 312 357 ut
341 315 447 356 nihil
475 315 718 363 omiserint,
748 317 867 373 quod
894 316 1046 372 singuli
1077 317 1212 372 magis
1239 318 1445 358 obedien-

29 404 47 432 s
81 395 149 428 ter
179 386 254 428 et²
297 387 369 443 pie
409 386 618 431 facerent.
687 389 805 430 Nam
841 404 943 431 cum
981 396 1158 442 postero
1193 390 1260 429 die
1291 389 1440 445 prohi-

82 458 162 499 biti
194 458 314 499 aditu
354 458 585 506 venissent,
624 459 826 501 Asiaticis
865 460 1001 500 modo
1046 460 1256 501 militibus
1286 460 1444 501 admis-

81 530 149 580 sis,
179 530 409 586 lugubrem
440 531 543 572 totis
585 530 733 572 castris
774 531 950 572 edidere
992 530 1249 578 clamorem,
1278 532 1443 573 denun-

79 602 249 652 tiantes,
286 617 330 644 se
367 602 568 659 protinus
606 617 696 644 esse
736 603 988 654 morituros,
1030 603 1063 645 si
1094 619 1167 644 rex
1195 618 1442 659 persevera-

78 681 148 715 ret
177 673 316 716 irasci.

29 755 54 785 6
163 746 223 787 At
249 746 316 787 ille
346 745 586 802 pervicacis
617 746 672 788 ad
700 746 863 794 omnia,
905 763 1017 804 quae
1049 748 1260 804 agitasset,
1290 748 1504 796 animi,12

80 817 414 873 peregrinorum
443 818 633 859 militum
666 819 923 860 contionem
954 820 1159 861 advocari
1187 820 1324 867 iubet,
1350 820 1444 861 Ma-

83 889 326 930 cedonibus
363 890 473 930 intra
514 898 654 932 castra
696 890 922 932 cohibitis:
961 899 1004 932 et
1045 907 1148 933 cum
1190 891 1444 948 frequentes

83 961 284 1008 coissent,
315 961 509 1003 adhibito
540 962 777 1018 interprete
810 963 943 1004 talem
985 964 1235 1004 orationem
1267 963 1444 1005 habuit:

31 1049 50 1076 7
88 1035 193 1076 Cum
219 1051 275 1076 ex
311 1037 493 1088 Europa
535 1038 778 1076 traiicerem
817 1038 863 1076 in
898 1039 1062 1084 Asiam,
1093 1039 1252 1077 multas
1281 1038 1446 1077 nobiles

82 1120 247 1162 gentes,
279 1125 476 1161 magnam
514 1111 606 1149 vim
642 1111 859 1150 hominum
891 1110 1073 1162 imperio
1104 1125 1194 1150 meo
1224 1125 1288 1149 me
1319 1111 1445 1149 addi-

33 1191 51 1219 8
84 1193 228 1222 turum
273 1199 363 1221 esse
399 1182 634 1234 sperabam.
710 1183 805 1220 IVec
844 1181 1047 1235 deceptus
1089 1198 1198 1231 sum,
1238 1185 1355 1238 quod
1393 1184 1446 1222 de

80 1256 150 1295 his
191 1254 361 1293 credidi
383 1250 554 1311 famae.
629 1255 717 1294 Sed
746 1256 805 1293 ad
834 1255 913 1293 illa
941 1256 1022 1295 hoc
1050 1270 1216 1311 quoque
1247 1257 1444 1296 accessicv

83 1329 199 1383 quod
228 1328 359 1366 video
389 1324 544 1383 sortes
582 1329 706 1367 viros
747 1342 850 1380 erga
883 1342 1006 1380 reges
1036 1344 1135 1369 suos
1169 1330 1357 1381 pietatis
1386 1330 1447 1368 in-

30 1426 52 1454 9
83 1404 242 1442 victae.
301 1401 432 1440 Luxu
457 1401 601 1440 omnia
619 1397 765 1456 fluere
795 1400 1076 1450 credideram,
1110 1411 1154 1441 ec
1183 1402 1321 1440 nimia
1337 1397 1447 1459 seli-

85 1477 223 1515 citata
262 1473 399 1525 mergi
437 1473 483 1512 in
517 1465 786 1526 voluptates.
846 1475 909 1514 Ab
936 1474 1158 1513 hercules-³
1194 1476 1341 1514 munia
1369 1475 1447 1514 mi-

87 1550 211 1589 litiae
237 1548 318 1587 hoc
356 1547 594 1586 animorum
634 1562 942 1602 corporumque
980 1546 1132 1588 robore
1162 1563 1292 1602 aeque
1323 1549 1448 1601 impi-

87 1637 162 1676 gre
188 1620 398 1668 coleracis‚
437 1628 481 1658 et
519 1635 611 1659 cum
639 1617 794 1677 forces
825 1622 920 1660 viri
959 1621 1076 1668 sicis,
1107 1635 1190 1660 non
1215 1617 1450 1676 fortitudi-

28 1711 180 1737 mnem
210 1694 523 1746 magis-squam
549 1691 694 1748 fidem
733 1694 894 1734 colitis.
970 1695 1064 1733 Hoc
1098 1708 1178 1745 ego
1216 1708 1326 1733 nunc:
1361 1695 1450 1747 pri-

87 1784 200 1809 mum
227 1764 452 1823 profiteor,
493 1766 571 1805 sed
611 1766 714 1806 olim
751 1768 858 1808 scio.
926 1769 1084 1820 Icaque
1113 1776 1158 1806 eb
1187 1766 1396 1806 dele-ccum
1427 1783 1451 1806 e

87 1841 215 1883 vobis
244 1842 459 1880 iuniorum
488 1838 635 1886 habui,
660 1847 705 1878 ec
726 1853 811 1880 vos
840 1854 1026 1880 meorum
1055 1840 1244 1879 militum
1274 1842 1452 1894 corpori

88 1914 316 1954 immiscui.
377 1913 499 1951 Idem
524 1910 711 1957 habitus,
741 1914 893 1951 eadem
922 1928 1044 1952 arma
1075 1921 1176 1952 sunt
1192 1913 1346 1962 vobis5
1381 1913 1449 1954 ob-

89 1988 283 2041 sequium
319 1999 425 2026 vero
463 1994 508 2025 ec
535 1985 757 2038 pacientia
794 1987 971 2039 imperii
999 1987 1124 2039 longe
1153 1988 1451 2038 praestancior

29 2077 75 2100 11
95 2070 183 2108 esc,
226 2073 354 2114 quam
401 2061 567 2099 ceteris.
648 2059 771 2110 Ergo
815 2060 911 2112 ipse
983 2060 1237 2114 Oxyartis‘*
1290 2061 1451 2099 Persae

0 2174 1 2178 ,
56 2171 58 2173 ,
77 2131 230 2190 filiam
274 2136 437 2170 mecum
487 2133 533 2172 iu
587 2133 862 2190 matrimonio
906 2134 1055 2181 iunxi,
1112 2147 1196 2172 non
1242 2134 1452 2186 dedigna-

34 2215 167 2247 12cus
195 2219 250 2244 ex-
277 2205 462 2257 captiva
498 2204 656 2246 liberos
686 2206 848 2246 tollere.
905 2207 1020 2246 Mox
1050 2206 1206 2245 deinde
1235 2220 1325 2245 cum
1351 2209 1453 2246 scir-

92 2293 191 2332 pem
229 2279 399 2331 generis
436 2278 520 2316 mei
558 2278 692 2319 lacius
735 2293 985 2332 propagare
1022 2294 1240 2332 cuperem,
1276 2294 1453 2319 uxorem

93 2352 242 2391 Darei
267 2349 419 2407 filiam
455 2352 577 2399 duxi,
613 2353 914 2407 proximisque
939 2353 1174 2392 amicorum
1205 2362 1356 2393 auctor
1370 2349 1456 2408 sui

95 2440 150 2464 ex
187 2426 383 2476 captivis
419 2426 655 2476 generandi
691 2424 871 2467 liberos:
908 2434 958 2466 uc
996 2427 1076 2466 hoc
1115 2440 1241 2466 sacro
1266 2421 1457 2481 foedere

36 2512 215 2540 130mne
245 2497 477 2538 discrimen
503 2499 620 2539 victi
647 2507 692 2538 el:
718 2499 908 2541 victoris
932 2498 1216 2539 excluderem.
1261 2499 1458 2539 Proinde

95 2638 114 2663 ¹
136 2644 306 2672 nossent.
501 2638 522 2664 2
549 2649 606 2673 ac.
790 2638 811 2669 3
838 2639 1009 2675 hercule.
1215 2639 1241 2672 4
1262 2637 1456 2673 Oxathris.

1103 2702 1191 2741 22
