1703 2961
370 137 452 179 DE
485 132 694 179 GESTIS
719 130 888 174 ALEX.
917 130 991 181 VJ,
1031 130 1099 174 21.
1408 126 1489 174 173

136 254 317 308 Regem,
341 249 466 291 victis
495 261 627 304 quam
654 243 890 285 victoribus
915 238 1182 293 similiorem,
1209 258 1259 285 ex
1282 243 1492 286 Macedo-

73 324 230 366 11niae
276 322 542 377 imperatore
588 316 721 358 Darei
772 323 974 370 satrapen
1018 315 1202 356 factum.
1283 316 1360 356 Ille
1399 332 1491 357 non

136 395 322 451 ignarus,
351 400 395 433 et
433 389 652 447 principes
678 387 939 436 amicorum,
972 393 1015 427 ct
1044 387 1281 429 exercitum
1307 389 1494 444 graviter

136 465 316 513 offendi,
337 463 523 520 gratiam
544 459 800 500 liberalitate
814 459 1028 515 donisque
1046 473 1251 514 reparare
1270 463 1284 483 ¹
1310 467 1495 517 tempta-

135 538 225 579 bat.
293 535 392 584 Sed,
422 532 591 589 opinor,
635 530 778 572 liberis
808 531 999 587 pretium
1025 531 1242 572 servitutis
1272 531 1493 588 ingratum

73 616 213 663 121est.
273 607 407 663 Igitur
434 621 489 646 ne
513 605 556 644 in
586 603 845 644 seditionem
877 618 945 644 res
973 610 1227 652 verteretur,
1261 604 1401 644 otium
1431 605 1495 645 in-

134 679 456 737 terpellandum
487 683 581 717 erat
611 674 748 725 bello,
782 674 901 716 cuius
930 675 1114 715 materia
1134 683 1385 731 opportune
1415 677 1496 717 ale-

71 753 279 798 13batur.
333 750 538 806 Namque
575 750 741 797 Bessus,
782 756 900 789 veste
938 747 1053 805 regia
1084 755 1269 804 sumpta,
1295 749 1496 789 Artaxer-

135 840 219 867 xen
249 821 455 879 appellari
485 835 528 862 se
555 820 750 869 iusserat,
779 819 1052 878 Scythasque
1077 827 1118 861 et
1148 827 1315 862 ceteros
1335 822 1497 862 Tanais

136 895 308 939 accolas
355 892 659 936 contrahebat.
733 894 855 935 Haec
902 893 1205 935 Satibarzanes
1249 894 1495 945 nuntiabat,

135 982 270 1025 quem
306 972 538 1022 receptum
573 964 619 1005 in
659 963 791 1005 fidem
827 963 1012 1021 regioni,
1048 979 1182 1021 quam
1219 974 1345 1007 antea
1386 967 1498 1008 obti-

74 1046 305 1088 14nuerat,
344 1037 568 1095 praefecit.
636 1037 696 1077 Et
728 1051 830 1077 cum
865 1050 993 1092 grave
1022 1036 1166 1091 spoliis
1197 1046 1497 1096 apparatuque

138 1111 332 1154 luxuriae
369 1125 526 1166 agmen
550 1109 618 1150 vix
661 1115 926 1157 moveretur,
965 1123 1062 1149 suas
1099 1108 1306 1164 primum,
1341 1111 1499 1152 deinde

138 1183 275 1224 totius
304 1182 516 1223 exercitus
552 1181 756 1230 sarcinas,
800 1179 989 1238 exceptis
1034 1180 1277 1222 admodum
1308 1198 1504 1225 necessa-

77 1272 122 1299 ιε
140 1255 226 1305 riis,
259 1252 448 1296 conferri
477 1253 599 1294 iussit
627 1253 671 1294 in
694 1253 907 1294 medium.
952 1252 1156 1294 Planities
1180 1253 1367 1310 spatiosa
1394 1263 1500 1305 erat,

137 1327 184 1368 in
215 1340 349 1383 quarn
376 1326 575 1367 vehicula
607 1333 764 1367 onusta
792 1326 1099 1382 perduxerant.
1157 1327 1502 1383 Expectantibus

140 1398 320 1447 cunctis,
349 1398 454 1453 quid
482 1398 640 1439 deinde
682 1405 792 1438 esset
820 1397 1125 1453 imperaturus,
1156 1399 1349 1441 iumenta
1380 1400 1502 1442 iussit

139 1469 312 1519 abduci,
349 1469 522 1525 suisque
554 1469 751 1525 primum
789 1469 965 1511 sarcinis
992 1469 1088 1511 face
1117 1471 1303 1522 subdita,
1336 1479 1502 1514 ceteras

76 1541 315 1584 16incendi
353 1541 592 1598 praecepit.
669 1540 934 1596 Plagrabant
977 1544 1254 1584 exurentibus
1296 1544 1516 1595 dominis„

72 1634 102 1656 μ
140 1629 252 1670 quae
285 1621 336 1654 ut
374 1613 537 1654 intacta
577 1628 625 1653 ex
663 1613 843 1653 urbibus
884 1612 1079 1654 hostium
1115 1623 1332 1671 raperent,
1371 1632 1500 1674 saepe

141 1685 344 1726 flammas
374 1684 674 1733 restinxerant‚
707 1684 828 1725 nullo
860 1685 1074 1740 sanguinis
1094 1687 1284 1741 pretium
1313 1690 1503 1732 audente

82 1775 127 1802 17
143 1756 323 1808 deflere,
366 1771 469 1799 cum
510 1757 649 1813 regias
679 1771 782 1811 opes
809 1756 928 1797 idem
955 1756 1061 1814 ignis
1092 1769 1301 1802 exureret.
1354 1762 1504 1804 Brevis
1546 1764 1549 1768 ’

143 1829 302 1871 deinde
341 1829 484 1870 oratio
519 1828 734 1885 mitigavit
772 1828 987 1879 dolorem,
1035 1829 1288 1889 habilesque
1325 1834 1504 1876 militiae

141 1907 186 1943 et
222 1901 279 1942 ad
320 1902 469 1942 omnia
518 1901 657 1956 parati
704 1900 1004 1952 laetabantur,
1043 1903 1316 1945 sarcinarum
1344 1907 1503 1962 potius,

88 1988 134 2015 ιε
148 1988 282 2030 quam
309 1972 571 2028 disciplinae,
601 1972 753 2015 fecisse
782 1973 1012 2018 iacturam.
1067 1975 1201 2031 Igitur
1225 1977 1506 2020 Bactrianam

143 2045 370 2101 regionem
398 2045 622 2101 petebant.

229 2116 317 2159 Sed
346 2116 554 2164 Nicanor,
584 2117 888 2159 Parmenionis
918 2116 1040 2168 filius,
1065 2118 1207 2161 subita
1237 2131 1382 2165 morte
1408 2139 1502 2165 core
1515 2127 1570 2166 22

82 2196 305 2246 19reptus,
349 2203 511 2244 magno
550 2187 762 2231 desiderio
801 2191 866 2232 sui
904 2189 1112 2231 affecerat
1148 2202 1345 2236 cunctos.
1399 2197 1505 2248 Rex,

145 2267 246 2302 ante
289 2275 443 2302 omnes
480 2268 685 2309 maestus,
725 2261 929 2316 cupiebat
965 2263 1143 2319 quidem
1181 2265 1412 2308 subsistere
1441 2268 1508 2310 fu-

136 2332 239 2374 neri
288 2331 524 2384 affuturus,
575 2333 650 2374 sed
694 2334 880 2390 penuria
929 2342 1262 2378 commeatuum
1298 2338 1508 2383 festinare

146 2403 347 2459 cogebat.
414 2406 567 2461 Itaque
610 2405 804 2447 Philotas
836 2420 939 2447 cum
976 2405 1148 2448 duobus
1175 2408 1350 2452 milibus
1377 2420 1421 2453 et
1449 2426 1506 2454 Dc

145 2474 333 2526 relictus,
372 2483 421 2518 ut
448 2476 556 2518 iusta
585 2477 711 2519 fratri
742 2477 1032 2535 persolveret:
1074 2477 1165 2536 ipse
1193 2483 1423 2526 contendit
1452 2485 1508 2527 ad

138 2548 336 2588 Bessum.

147 2661 166 2686 1
181 2660 435 2708 recuperate.
