1703 2961
161 127 245 172 366
628 127 684 183 Q.
715 126 922 170 cumn
953 127 1094 170 Rom

163 239 298 282 ricula
325 246 504 280 vectum
532 248 746 296 perpetua
773 238 982 282 felicitate
1010 238 1224 296 protexit?
1262 240 1392 281 Vitae
1418 254 1523 297 quo·
1543 249 1592 282 36

165 327 250 368 que
280 310 413 351 finem
452 311 644 352 eundem
685 312 756 361 illi,
799 327 932 368 quem
969 312 1131 370 gloriae
1170 312 1332 353 statuit.
1388 313 1529 368 Expe-

166 390 338 425 ctavere
377 397 479 423 eum
520 382 622 433 fata,
665 383 771 424 dum
813 382 998 425 Oriente
1027 383 1295 440 perdomito,
1321 384 1529 440 aditoque

165 454 365 505 Oceano,
391 455 599 512 quicquid
631 455 873 497 mortalitas
906 456 1109 512 capiebat
1138 455 1353 512 impleret.
1412 456 1524 496 Huic
1543 467 1588 495 37

163 528 253 584 regi
286 527 474 584 ducique
514 542 740 569 successor
763 529 1078 584 quaerebatur:
1111 528 1187 569 sed
1217 527 1361 568 maior
1391 526 1530 567 moles

166 608 272 651 erat,
309 614 444 656 quam
481 606 531 640 ut
568 614 682 640 unus
719 599 865 640 subire
906 615 1004 640 eam
1041 607 1200 655 posset.
1270 600 1422 656 ltaque
1454 613 1533 639 no-

166 689 273 714 men
303 685 481 729 quoque
513 670 605 711 eius
639 677 684 711 et
720 670 839 712 fama
868 686 1018 712 rerum
1043 671 1089 712 in
1118 678 1264 712 totum
1296 686 1533 727 propemo-

168 745 277 786 dum
323 744 481 785 orbem
527 756 650 798 reges
702 757 752 785 ac
790 757 923 799 regna
965 743 1164 793 diffudit,
1220 742 1532 807 clarissimique

167 823 270 859 sunt
298 815 450 866 habiti,
487 814 562 872 qui
595 814 728 856 etiam
766 813 975 856 minimae
1005 815 1119 872 parti
1150 821 1298 856 tantae
1325 813 1533 855 fortunae

169 888 477 932 adhaeserunt.

106 964 157 1008 19
251 961 463 1003 Ceterum
507 958 737 1015 Babylone
780 959 901 1010 (inde
941 958 1061 1000 enim
1109 958 1325 1000 devertit¹
1367 957 1593 1009 oratio)vl.

170 1033 370 1090 corporis
403 1032 494 1073 eius
531 1031 734 1073 custodes
770 1031 816 1072 in
844 1031 1008 1086 regiam
1039 1031 1260 1087 principes
1287 1031 1536 1073 amicorum

171 1107 392 1162 ducesque
433 1103 663 1158 copiarum
704 1103 988 1145 advocavere.
1053 1103 1213 1144 Secuta
1249 1113 1312 1145 est
1343 1104 1534 1145 militum

168 1179 315 1229 turba,
355 1174 628 1231 cupientium
664 1175 788 1225 scire,
835 1175 879 1214 in
919 1190 1052 1229 quem
1088 1176 1322 1217 Alexandri
1356 1176 1534 1218 fortuna

172 1258 285 1293 esset
319 1249 570 1290 transitura.
631 1246 761 1287 Multi
803 1245 935 1286 duces
973 1245 1218 1302 Frequentia
1248 1248 1438 1289 militum
1472 1265 1537 1289 ex—
1568 1265 1588 1286 2

172 1322 278 1366 clusi
310 1321 477 1377 regiam
518 1319 682 1359 intrare
717 1333 810 1359 non
848 1324 1067 1373 poterant,
1113 1333 1215 1359 cum
1254 1335 1430 1375 praeco,
1473 1337 1537 1362 ex-

173 1394 324 1452 ceptis,
365 1392 439 1451 qui
474 1390 741 1433 nominatim
780 1389 1034 1439 citarentur,
1076 1389 1195 1430 adire
1231 1391 1537 1446 prohiberet.²

173 1468 262 1512 Sed
304 1464 556 1522 precarium
596 1463 886 1520 spernebatur
927 1460 1174 1517 imperium.
1241 1463 1307 1504 Ac
1343 1466 1537 1520 primum
1571 1480 1590 1507 3

175 1540 360 1582 eiulatus
397 1538 548 1594 ingens
590 1537 875 1593 ploratusque
916 1541 1151 1575 renovatus
1179 1541 1260 1575 est:
1289 1536 1448 1578 deinde
1476 1539 1542 1579 fu-

173 1612 263 1654 turi
291 1610 534 1666 expectatio
564 1608 760 1650 inhibitis
788 1606 980 1650 lacrimis
1005 1606 1224 1647 silentium
1254 1606 1371 1650 fecit.
1420 1611 1538 1652 Tum
1569 1627 1593 1652 4

175 1684 403 1731 Perdicca,
431 1683 548 1738 regia
579 1681 678 1723 sella
707 1681 752 1722 in
782 1687 1071 1736 conspectum
1099 1679 1209 1734 vulgi
1242 1680 1355 1731 data,
1384 1682 1429 1723 in
1454 1699 1539 1740 qua

177 1756 380 1799 diadema
409 1755 625 1810 vestisque
653 1752 885 1794 Alexandri
916 1766 1019 1793 cum
1047 1752 1178 1791 armis
1192 1760 1326 1802 erant,
1359 1756 1540 1798 anulum

177 1827 257 1870 sibi
303 1827 444 1883 pridie
483 1826 696 1867 traditum
733 1840 756 1866 a
797 1839 897 1880 rege
944 1823 987 1863 in
1044 1823 1200 1863 eadem
1237 1826 1339 1866 sede
1376 1829 1542 1882 posuit;

178 1915 372 1958 quorum
412 1906 592 1955 aspectu
621 1912 769 1939 rursus
800 1897 983 1938 obortae
1014 1895 1218 1935 omnibus
1252 1895 1458 1941 lacrimae
1481 1901 1543 1942 in-

177 1982 401 2030 tegravere
432 1971 616 2013 luctum.
673 1971 733 2011 Et
763 1968 986 2015 Perdicca,
1024 1970 1125 2021 Ego
1170 1971 1357 2023 quidem,
1386 1971 1538 2029 inquit,
1572 1989 1590 2016 5

179 2048 367 2095 anulum,
408 2061 491 2102 quo
536 2046 611 2085 ille
648 2046 772 2098 regni
803 2054 931 2098 acque
968 2045 1144 2098 imperii
1170 2046 1289 2084 vires
1318 2044 1544 2098 obsignare

179 2131 278 2162 erac
309 2121 477 2170 solitus,
509 2120 723 2160 traditum
754 2119 807 2158 ab
839 2120 936 2171 ipso
965 2120 1086 2166 mihi,
1117 2120 1253 2158 reddo
1274 2118 1409 2159 vobis.
1492 2121 1540 2158 ‘e-
1574 2129 1599 2157 6

181 2206 322 2236 cerum
349 2209 604 2250 quamquam
638 2193 757 2234 nulla
783 2193 927 2231 clades
953 2193 1064 2239 huic,
1100 2207 1183 2245 qua
1207 2190 1362 2249 affecti
1391 2207 1546 2241 sumus,

182 2284 268 2323 par
297 2269 351 2308 ab
383 2270 514 2308 iratis
552 2268 644 2307 diis
683 2266 934 2318 excogitari
961 2275 1124 2318 potest,
1157 2276 1300 2306 tamen
1333 2267 1547 2317 magnitu-

183 2343 330 2381 dinem
358 2356 512 2390 rerum‚
540 2357 647 2396 quas
679 2342 784 2393 egit,
813 2338 1077 2378 intuentibus
1107 2340 1276 2378 credere
1305 2340 1419 2386 licet,
1451 2349 1546 2378 catz-

184 2425 276 2456 tum
315 2417 459 2454 virum
498 2417 602 2455 deos
640 2414 987 2455 accommodasse
1028 2412 1150 2452 rebus
1197 2413 1407 2459 humanis,
1447 2427 1546 2467 qua-

183 2504 279 2529 rum
307 2498 426 2530 sorte
463 2488 692 2542 completa,
733 2489 822 2528 cito
859 2496 1102 2540 repeterent
1136 2500 1229 2525 eum
1267 2500 1367 2524 suae
1398 2487 1546 2538 scirpi.

188 2640 208 2666 Ῑ
233 2640 398 2674 divertit.
604 2636 623 2662 2
652 2635 862 2682 prohibuit.
