1703 2961
189 139 245 185 64
630 138 685 195 Q.
719 139 927 184 cum-11
961 139 1102 185 mm

189 253 322 296 vincti
365 252 621 304 traduntur,
662 251 899 295 duodecim
933 254 1135 296 triremes
1176 270 1279 298 eum
1309 271 1387 299 suo
1418 254 1616 298 militem

191 343 242 369 ac
282 326 468 381 remige,
505 334 680 383 praeter
727 339 799 366 eas
844 324 1021 382 triginta
1062 326 1224 377 inanes,
1251 331 1263 354 ¹
1307 335 1351 369 et
1382 329 1555 385 piratici
1658 319 1661 326 ¹

189 398 336 446 lembi,
389 396 754 454 Graecorumque
799 396 880 438 tria
932 397 1051 439 milia
1096 413 1119 439 a
1169 399 1308 441 Persis
1349 401 1556 443 mercede

192 470 425 512 conducta.
497 469 575 510 His
626 469 671 509 in
709 467 1069 525 supplementum
1108 471 1338 527 copiarum
1376 487 1557 514 suarum

191 541 446 590 distributis,
475 541 712 598 piratisque
744 541 958 597 supplicio
991 541 1171 591 affectis,
1205 544 1400 601 captivos
1429 545 1559 586 remi-

190 632 262 674 ges
292 615 491 656 adiecere
520 613 642 655 classi
669 627 782 654 suae.

125 690 178 734 24
274 687 409 728 Forte
438 685 726 732 Aristonicus,
749 683 1170 739 Methymnaeorum
1200 695 1426 741 tyrannus,
1454 705 1556 731 cum
1573 703 1621 732 19
1650 673 1652 676 ‚

189 759 383 817 piraticis
411 758 607 806 navibus,
634 757 807 814 ignarus
835 758 1036 798 omnium
1064 773 1176 813 quae
1206 761 1357 816 apud²
1391 760 1558 803 Chium

192 841 289 874 acta
322 836 457 879 erant,
497 829 641 886 prima
677 829 818 886 vigilia
858 830 914 870 ad
943 837 1096 885 portus
1129 830 1312 872 claustra
1338 835 1556 884 successit,

192 906 570 960 interrogatusque
609 917 632 942 a
669 901 924 943 custodibus
962 902 1058 957 quis
1084 903 1219 943 esset?
1258 904 1558 946 Aristonicum

192 977 248 1022 ad
279 974 614 1018 Pharnabazum
648 973 795 1014 venire
831 973 1071 1030 respondit.
1130 974 1191 1015 Illi
1224 974 1557 1018 Pharnabazum
1573 988 1624 1014 20

192 1049 370 1106 quidem
409 1046 497 1087 iam
535 1045 778 1102 quiescere,
815 1053 858 1086 et
890 1061 982 1086 non
1012 1062 1139 1102 posse
1167 1053 1263 1087 tum
1295 1048 1419 1097 adiri,
1448 1056 1561 1091 cete-

190 1136 291 1161 rum
327 1125 476 1175 patere
517 1118 637 1159 socio
681 1125 811 1175 atque
850 1117 1012 1174 hospiti
1044 1126 1240 1174 portum,
1273 1127 1317 1160 et
1344 1122 1555 1176 postera-⁴*

192 1194 260 1235 die
293 1189 565 1233 Pharnabazi
605 1190 782 1245 copiam
817 1189 926 1240 fore,
969 1188 1207 1232 affirmant.
1266 1191 1362 1232 Nec
1392 1191 1621 1234 dubita-21
1674 1239 1676 1243 ,

190 1265 253 1307 vit
280 1263 552 1305 Aristonicus
591 1261 758 1317 primus
799 1261 974 1311 intrare,
1009 1261 1144 1302 secuti
1177 1269 1280 1303 sunt
1309 1262 1470 1305 ducem
1498 1266 1562 1321 pi-
1675 1257 1676 1260 ¹

191 1337 318 1380 ratici
359 1335 505 1383 lembi,
544 1349 595 1376 ac
628 1335 735 1375 dum
765 1334 989 1391 applicant
1014 1332 1179 1389 navigia
1213 1334 1426 1390 crepidini
1460 1351 1562 1392 por-

189 1418 272 1460 tus,
317 1408 523 1450 obiicitur
566 1422 589 1448 a
636 1407 833 1463 vigilibus
879 1406 1139 1455 claustrum,
1183 1413 1228 1447 et
1263 1405 1337 1462 qui
1373 1409 1566 1462 promixi

191 1481 480 1530 excubabant,
520 1480 573 1520 ab
605 1479 760 1520 iisdem
791 1479 1056 1520 excitantur:
1087 1477 1205 1519 nullo
1227 1480 1250 1505 ⁴
1280 1492 1331 1519 ex
1359 1477 1426 1520 his
1455 1495 1561 1523 auso

191 1569 450 1612 repugnare,
484 1551 691 1593 omnibus
722 1558 901 1593 catenae
923 1550 1110 1592 iniectae
1139 1557 1253 1600 sunt,
1280 1550 1559 1605 Amphotero

194 1627 352 1669 deinde
399 1623 742 1680 Hegelochoque
804 1622 1055 1665 traduntur.
1124 1622 1239 1664 Hinc
1288 1622 1559 1666 Macedones
1574 1635 1623 1661 ²2
1680 1607 1682 1620 .

190 1699 402 1742 transiere
435 1695 702 1752 Mitylenen,
737 1709 872 1750 quam
913 1692 1080 1736 Chares
1110 1694 1390 1735 Atheniensis
1416 1711 1560 1753 nuper

192 1778 460 1827 occupatam
499 1768 691 1809 duorum
727 1767 901 1807 milium
930 1767 1163 1808 Persarum
1193 1766 1410 1821 praesidio
1439 1775 1559 1810 tene-

190 1846 285 1886 bat:
323 1842 399 1884 sed
440 1855 544 1882 cum
580 1838 858 1879 obsidionem
896 1838 1084 1879 tolerare
1122 1854 1215 1880 non
1252 1845 1410 1894 posset,
1448 1840 1559 1883 urbe

190 1896 364 1965 tradita,
404 1919 559 1971 pactus
593 1918 644 1951 ut
678 1910 891 1952 incolumi
919 1910 1037 1951 abire
1060 1909 1224 1958 liceret,
1248 1911 1450 1952 Imbrum
1487 1927 1562 1969 pe-

190 1989 256 2030 tit.
310 1987 483 2029 Deditis
510 1983 781 2026 Macedones
808 1989 1117 2039 pepercerunt.

125 2078 178 2121 25
270 2078 443 2118 Dareus
481 2073 707 2128 desperata
742 2086 872 2128 pace,
907 2086 1042 2128 quam
1077 2084 1158 2128 per
1181 2070 1347 2113 litteras
1375 2071 1625 2129 legatos-w,
1685 2069 1689 2102 ¹

193 2166 277 2207 que
309 2147 537 2205 impetrari
575 2159 703 2202 posse
745 2143 1011 2194 crediderat,
1055 2144 1110 2185 ad
1151 2144 1418 2199 reparandas
1447 2146 1558 2187 vires
1686 2140 1689 2147 ⁴

190 2223 444 2278 bellumque
498 2218 683 2274 impigre
743 2215 1051 2267 renovandum
1111 2215 1301 2256 intendit
1345 2217 1557 2258 animum.
1688 2266 1691 2274 s

190 2295 338 2336 Duces
369 2306 472 2347 ergo
507 2290 737 2347 copiarum
771 2287 1067 2344 Babyloniam
1097 2287 1344 2336 convenire,
1371 2289 1555 2331 Bessum
1590 2318 1610 2339 2
1687 2289 1691 2327 l

192 2381 383 2424 quoque,
402 2364 745 2406 Bactrianorum
759 2368 1024 2416 praetorem,
1043 2362 1059 2388 5
1097 2375 1231 2418 quam
1248 2359 1440 2402 maximo
1461 2378 1560 2418 pos·
1688 2333 1692 2390 l

673 2439 677 2459 ¹
1495 2441 1561 2475 set

194 2536 212 2559 1
240 2544 368 2567 naves.
568 2528 589 2554 2
625 2526 685 2563 ad.
890 2525 909 2556 3
935 2532 1103 2572 postero.
1308 2526 1330 2557 4
1356 2526 1558 2572 nulloque.

278 2589 296 2616 5
329 2588 388 2620 Ειτ
413 2582 561 2618 mnemi-
591 2582 713 2618 codd.
743 2581 1032 2616 Bactrianorum
1059 2592 1266 2628 perquam:
1309 2581 1404 2628 vulg.
1432 2583 1558 2615 Βῆριν.

284 2641 369 2674 duc
386 2652 453 2674 em
477 2649 677 2685 perquam.
