<?xml version="1.0" encoding="UTF-8"?>
<!DOCTYPE html PUBLIC "-//W3C//DTD XHTML 1.0 Transitional//EN"
    "http://www.w3.org/TR/xhtml1/DTD/xhtml1-transitional.dtd">
<html xmlns="http://www.w3.org/1999/xhtml" xml:lang="en" lang="en">
 <head>
  <title>
</title>
<meta http-equiv="Content-Type" content="text/html;charset=utf-8" />
  <meta name='ocr-system' content='tesseract 3.04.00' />
  <meta name='ocr-capabilities' content='ocr_page ocr_carea ocr_par ocr_line ocrx_word'/>
</head>
<body>
  <div class='ocr_page' id='page_1' title='image "./degestisalexandr00curtuoft_0148.png"; bbox 0 0 1703 2961; ppageno 0'>
   <div class='ocr_carea' id='block_1_1' title="bbox 216 2238 268 2288">
    <p class='ocr_par' dir='ltr' id='par_1_1' title="bbox 216 2238 268 2288">
     <span class='ocr_line' id='line_1_1' title="bbox 216 2238 268 2288; baseline 0 0"><span class='ocrx_word' id='word_1_1' title='bbox 216 2238 268 2288; x_wconf 88' lang='lat'>57</span> 
     </span>
    </p>
   </div>
   <div class='ocr_carea' id='block_1_2' title="bbox 272 1432 1671 1480">
    <p class='ocr_par' dir='ltr' id='par_1_2' title="bbox 272 1432 1671 1480">
     <span class='ocr_line' id='line_1_2' title="bbox 272 1432 1671 1480; baseline 0.001 -2"><span class='ocrx_word' id='word_1_2' title='bbox 272 1437 556 1480; x_wconf 75' lang='lat' dir='ltr'>‘intuentibus</span> <span class='ocrx_word' id='word_1_3' title='bbox 595 1437 723 1476; x_wconf 88' lang='lat' dir='ltr'>eam⁷</span> <span class='ocrx_word' id='word_1_4' title='bbox 760 1432 896 1474; x_wconf 87' lang='lat' dir='ltr'>fuerit</span> <span class='ocrx_word' id='word_1_5' title='bbox 930 1433 1162 1475; x_wconf 86' lang='lat' dir='ltr'>incertum.</span> <span class='ocrx_word' id='word_1_6' title='bbox 1223 1437 1345 1475; x_wconf 83' lang='lat' dir='ltr'>Inter</span> <span class='ocrx_word' id='word_1_7' title='bbox 1370 1433 1480 1478; x_wconf 87' lang='lat' dir='ltr'>haec</span> <span class='ocrx_word' id='word_1_8' title='bbox 1510 1435 1671 1479; x_wconf 76' lang='lat' dir='ltr'>Meni-i</span> 
     </span>
    </p>
   </div>
   <div class='ocr_carea' id='block_1_3' title="bbox 279 166 1213 222">
    <p class='ocr_par' dir='ltr' id='par_1_3' title="bbox 279 166 1213 222">
     <span class='ocr_line' id='line_1_3' title="bbox 279 166 1213 222; baseline -0.001 -9"><span class='ocrx_word' id='word_1_9' title='bbox 279 173 360 213; x_wconf 87' lang='lat'>100</span> <span class='ocrx_word' id='word_1_10' title='bbox 757 166 813 222; x_wconf 85' lang='lat' dir='ltr'>Q.</span> <span class='ocrx_word' id='word_1_11' title='bbox 843 166 1045 210; x_wconf 79' lang='lat' dir='ltr'>CURTn</span> <span class='ocrx_word' id='word_1_12' title='bbox 1074 168 1213 212; x_wconf 75' lang='lat' dir='ltr'>mm</span> 
     </span>
    </p>
   </div>
   <div class='ocr_carea' id='block_1_4' title="bbox 1644 284 1703 2961">
    <p class='ocr_par' dir='ltr' id='par_1_4' title="bbox 1644 284 1703 2961">
     <span class='ocr_line' id='line_1_4' title="bbox 1690 284 1703 453; baseline 0 0"><span class='ocrx_word' id='word_1_13' title='bbox 1690 284 1703 453; x_wconf 95' lang='lat' dir='ltr'>  </span> 
     </span>
     <span class='ocr_line' id='line_1_5' title="bbox 1686 453 1703 731; baseline 0 0"><span class='ocrx_word' id='word_1_14' title='bbox 1686 453 1703 731; x_wconf 95' lang='lat' dir='ltr'>    </span> 
     </span>
     <span class='ocr_line' id='line_1_6' title="bbox 1681 731 1703 950; baseline 0 -74"><span class='ocrx_word' id='word_1_15' title='bbox 1681 731 1703 950; x_wconf 95' lang='lat' dir='ltr'>   </span> 
     </span>
     <span class='ocr_line' id='line_1_7' title="bbox 1681 950 1703 1088; baseline 0 -70"><span class='ocrx_word' id='word_1_16' title='bbox 1681 950 1703 1088; x_wconf 95' lang='lat' dir='ltr'>  </span> 
     </span>
     <span class='ocr_line' id='line_1_8' title="bbox 1674 1088 1703 1292; baseline 0 0"><span class='ocrx_word' id='word_1_17' title='bbox 1674 1088 1703 1292; x_wconf 95' lang='lat' dir='ltr'>    </span> 
     </span>
     <span class='ocr_line' id='line_1_9' title="bbox 1668 1292 1702 1596; baseline 0 0"><span class='ocrx_word' id='word_1_18' title='bbox 1668 1292 1702 1596; x_wconf 95' lang='lat' dir='ltr'>    </span> 
     </span>
     <span class='ocr_line' id='line_1_10' title="bbox 1667 1596 1695 1673; baseline 0 1288"><span class='ocrx_word' id='word_1_19' title='bbox 1667 1596 1695 1673; x_wconf 95' lang='lat' dir='ltr'> </span> 
     </span>
     <span class='ocr_line' id='line_1_11' title="bbox 1665 1673 1691 1810; baseline 0 -75"><span class='ocrx_word' id='word_1_20' title='bbox 1665 1673 1691 1810; x_wconf 95' lang='lat' dir='ltr'>  </span> 
     </span>
     <span class='ocr_line' id='line_1_12' title="bbox 1656 1810 1694 2029; baseline 0 0"><span class='ocrx_word' id='word_1_21' title='bbox 1656 1810 1694 2029; x_wconf 95' lang='lat' dir='ltr'>   </span> 
     </span>
     <span class='ocr_line' id='line_1_13' title="bbox 1656 2052 1694 2343; baseline 0 -63"><span class='ocrx_word' id='word_1_22' title='bbox 1656 2052 1694 2343; x_wconf 95' lang='lat' dir='ltr'>   </span> 
     </span>
     <span class='ocr_line' id='line_1_14' title="bbox 1660 2343 1694 2460; baseline 0 -7"><span class='ocrx_word' id='word_1_23' title='bbox 1660 2343 1694 2460; x_wconf 95' lang='lat' dir='ltr'>    </span> 
     </span>
     <span class='ocr_line' id='line_1_15' title="bbox 1651 2498 1683 2714; baseline -0.469 -114"><span class='ocrx_word' id='word_1_24' title='bbox 1651 2498 1683 2714; x_wconf 95' lang='lat' dir='ltr'>    </span> 
     </span>
     <span class='ocr_line' id='line_1_16' title="bbox 1644 2714 1683 2961; baseline 0 -119"><span class='ocrx_word' id='word_1_25' title='bbox 1644 2793 1679 2961; x_wconf 95' lang='lat' dir='ltr'>  </span> <span class='ocrx_word' id='word_1_26' title='bbox 1653 2714 1683 2842; x_wconf 95' lang='lat' dir='ltr'>   </span> 
     </span>
    </p>
   </div>
   <div class='ocr_carea' id='block_1_5' title="bbox 277 283 1642 483">
    <p class='ocr_par' dir='ltr' id='par_1_5' title="bbox 277 283 1642 483">
     <span class='ocr_line' id='line_1_17' title="bbox 277 283 1640 340; baseline 0.004 -20"><span class='ocrx_word' id='word_1_27' title='bbox 277 285 440 326; x_wconf 76' lang='lat' dir='ltr'>virium</span> <span class='ocrx_word' id='word_1_28' title='bbox 468 283 678 325; x_wconf 70' lang='lat' dir='ltr'>subducat</span> <span class='ocrx_word' id='word_1_29' title='bbox 716 294 772 322; x_wconf 80' lang='lat' dir='ltr'>ex</span> <span class='ocrx_word' id='word_1_30' title='bbox 806 284 913 328; x_wconf 79' lang='lat' dir='ltr'>acie,</span> <span class='ocrx_word' id='word_1_31' title='bbox 951 283 1043 329; x_wconf 83' lang='lat' dir='ltr'>sed,</span> <span class='ocrx_word' id='word_1_32' title='bbox 1079 292 1128 324; x_wconf 71' lang='lat' dir='ltr'>uc</span> <span class='ocrx_word' id='word_1_33' title='bbox 1159 299 1223 324; x_wconf 86' lang='lat' dir='ltr'>me</span> <span class='ocrx_word' id='word_1_34' title='bbox 1249 294 1293 325; x_wconf 78' lang='lat' dir='ltr'>ec</span> <span class='ocrx_word' id='word_1_35' title='bbox 1325 285 1538 339; x_wconf 76' lang='lat' dir='ltr'>Philippo</span> <span class='ocrx_word' id='word_1_36' title='bbox 1565 301 1640 340; x_wconf 79' lang='lat' dir='ltr'>pa-</span> 
     </span>
     <span class='ocr_line' id='line_1_18' title="bbox 281 356 1641 416; baseline -0.001 -17"><span class='ocrx_word' id='word_1_37' title='bbox 281 369 348 402; x_wconf 78' lang='lat' dir='ltr'>tre</span> <span class='ocrx_word' id='word_1_38' title='bbox 367 359 546 412; x_wconf 80' lang='lat' dir='ltr'>dignum</span> <span class='ocrx_word' id='word_1_39' title='bbox 584 367 665 406; x_wconf 80' lang='lat' dir='ltr'>esc,</span> <span class='ocrx_word' id='word_1_40' title='bbox 693 365 939 409; x_wconf 77' lang='lat' dir='ltr'>contempto</span> <span class='ocrx_word' id='word_1_41' title='bbox 981 359 1243 397; x_wconf 81' lang='lat' dir='ltr'>sarcinarum</span> <span class='ocrx_word' id='word_1_42' title='bbox 1277 360 1431 400; x_wconf 81' lang='lat' dir='ltr'>damno</span> <span class='ocrx_word' id='word_1_43' title='bbox 1448 356 1641 416; x_wconf 73' lang='lat' dir='ltr'>sortiter</span> 
     </span>
     <span class='ocr_line' id='line_1_19' title="bbox 282 426 1642 483; baseline 0 -11"><span class='ocrx_word' id='word_1_44' title='bbox 282 433 475 472; x_wconf 71' lang='lat' dir='ltr'>dimicet.</span> <span class='ocrx_word' id='word_1_45' title='bbox 544 428 726 469; x_wconf 83' lang='lat' dir='ltr'><strong>Interim</strong></span> <span class='ocrx_word' id='word_1_46' title='bbox 766 426 941 468; x_wconf 85' lang='lat' dir='ltr'>barbari</span> <span class='ocrx_word' id='word_1_47' title='bbox 983 427 1301 483; x_wconf 82' lang='lat' dir='ltr'>impedimenta</span> <span class='ocrx_word' id='word_1_48' title='bbox 1349 430 1642 479; x_wconf 80' lang='lat' dir='ltr'>turbaverant,</span> 
     </span>
    </p>
   </div>
   <div class='ocr_carea' id='block_1_6' title="bbox 1661 436 1703 487">
    <p class='ocr_par' dir='ltr' id='par_1_6' title="bbox 1661 436 1703 487">
     <span class='ocr_line' id='line_1_20' title="bbox 1661 436 1703 487; baseline -0.048 0"><span class='ocrx_word' id='word_1_49' title='bbox 1661 436 1689 487; x_wconf 53' lang='lat' dir='ltr'>Q</span> <span class='ocrx_word' id='word_1_50' title='bbox 1701 483 1703 485; x_wconf 83' lang='grc'><em>,</em></span> 
     </span>
    </p>
   </div>
   <div class='ocr_carea' id='block_1_7' title="bbox 284 493 1703 1349">
    <p class='ocr_par' dir='ltr' id='par_1_7' title="bbox 284 493 1703 1349">
     <span class='ocr_line' id='line_1_21' title="bbox 285 493 1687 558; baseline -0.001 -15"><span class='ocrx_word' id='word_1_51' title='bbox 285 502 504 557; x_wconf 72' lang='lat' dir='ltr'>caesisque</span> <span class='ocrx_word' id='word_1_52' title='bbox 545 499 760 555; x_wconf 84' lang='lat' dir='ltr'>plerisque</span> <span class='ocrx_word' id='word_1_53' title='bbox 803 499 1048 550; x_wconf 88' lang='lat' dir='ltr'>custodum,</span> <span class='ocrx_word' id='word_1_54' title='bbox 1082 498 1253 555; x_wconf 77' lang='lat' dir='ltr'>captivi,</span> <span class='ocrx_word' id='word_1_55' title='bbox 1284 499 1463 541; x_wconf 70' lang='lat' dir='ltr'>vinculis</span> <span class='ocrx_word' id='word_1_56' title='bbox 1492 493 1687 558; x_wconf 59' lang='lat' dir='ltr'>ruptis,3.⁸</span> 
     </span>
     <span class='ocr_line' id='line_1_22' title="bbox 284 559 1684 633; baseline 0 -20"><span class='ocrx_word' id='word_1_57' title='bbox 284 572 492 631; x_wconf 88' lang='lat' dir='ltr'>quicquid</span> <span class='ocrx_word' id='word_1_58' title='bbox 524 570 703 612; x_wconf 78' lang='lat' dir='ltr'>obvium</span> <span class='ocrx_word' id='word_1_59' title='bbox 734 578 837 620; x_wconf 86' lang='lat' dir='ltr'>erat,</span> <span class='ocrx_word' id='word_1_60' title='bbox 866 586 953 627; x_wconf 89' lang='lat' dir='ltr'>quo</span> <span class='ocrx_word' id='word_1_61' title='bbox 987 571 1145 613; x_wconf 88' lang='lat' dir='ltr'>armari</span> <span class='ocrx_word' id='word_1_62' title='bbox 1178 579 1365 626; x_wconf 80' lang='lat' dir='ltr'>possent,</span> <span class='ocrx_word' id='word_1_63' title='bbox 1396 572 1638 628; x_wconf 51' lang='lat' dir='ltr'>arripiunt,¹</span> <span class='ocrx_word' id='word_1_64' title='bbox 1662 559 1684 633; x_wconf 22' lang='grc' dir='ltr'>’ΚΣ</span> 
     </span>
     <span class='ocr_line' id='line_1_23' title="bbox 284 630 1675 701; baseline -0.001 -14"><span class='ocrx_word' id='word_1_65' title='bbox 284 654 328 686; x_wconf 83' lang='lat' dir='ltr'>et</span> <span class='ocrx_word' id='word_1_66' title='bbox 359 641 573 701; x_wconf 71' lang='lat' dir='ltr'>aggregati</span> <span class='ocrx_word' id='word_1_67' title='bbox 599 656 782 684; x_wconf 88' lang='lat' dir='ltr'>suorum</span> <span class='ocrx_word' id='word_1_68' title='bbox 813 643 1029 699; x_wconf 82' lang='lat' dir='ltr'>equitibus</span> <span class='ocrx_word' id='word_1_69' title='bbox 1046 643 1328 689; x_wconf 64' lang='lat' dir='ltr'>Macedonas,</span> <span class='ocrx_word' id='word_1_70' title='bbox 1358 644 1534 699; x_wconf 79' lang='lat' dir='ltr'>ancipiti</span> <span class='ocrx_word' id='word_1_71' title='bbox 1557 630 1675 692; x_wconf 14' lang='lat' dir='ltr'>‘cire‘</span> 
     </span>
     <span class='ocr_line' id='line_1_24' title="bbox 285 714 1685 774; baseline 0.001 -16"><span class='ocrx_word' id='word_1_72' title='bbox 285 723 544 759; x_wconf 86' lang='lat' dir='ltr'>cumventos</span> <span class='ocrx_word' id='word_1_73' title='bbox 586 715 718 764; x_wconf 80' lang='lat' dir='ltr'>malo,</span> <span class='ocrx_word' id='word_1_74' title='bbox 748 714 983 756; x_wconf 88' lang='lat' dir='ltr'>invadunt:</span> <span class='ocrx_word' id='word_1_75' title='bbox 1021 714 1206 771; x_wconf 77' lang='lat' dir='ltr'>laetique</span> <span class='ocrx_word' id='word_1_76' title='bbox 1246 716 1317 772; x_wconf 78' lang='lat' dir='ltr'>qui</span> <span class='ocrx_word' id='word_1_77' title='bbox 1339 720 1357 742; x_wconf 87' lang='lat'>²</span> <span class='ocrx_word' id='word_1_78' title='bbox 1392 716 1503 757; x_wconf 76' lang='lat' dir='ltr'>circa</span> <span class='ocrx_word' id='word_1_79' title='bbox 1535 716 1685 774; x_wconf 59' lang='lat' dir='ltr'>Sisy-15</span> 
     </span>
     <span class='ocr_line' id='line_1_25' title="bbox 284 779 1647 845; baseline 0.001 -17"><span class='ocrx_word' id='word_1_80' title='bbox 284 787 479 845; x_wconf 77' lang='lat' dir='ltr'>gambim</span> <span class='ocrx_word' id='word_1_81' title='bbox 521 793 658 834; x_wconf 75' lang='lat' dir='ltr'>erant,</span> <span class='ocrx_word' id='word_1_82' title='bbox 685 787 702 814; x_wconf 83' lang='lat'><em>³</em></span> <span class='ocrx_word' id='word_1_83' title='bbox 755 786 904 828; x_wconf 83' lang='lat' dir='ltr'>vicisse</span> <span class='ocrx_word' id='word_1_84' title='bbox 942 786 1152 836; x_wconf 80' lang='lat' dir='ltr'><strong>Dareum,</strong></span> <span class='ocrx_word' id='word_1_85' title='bbox 1190 787 1352 844; x_wconf 77' lang='lat' dir='ltr'>ingenti</span> <span class='ocrx_word' id='word_1_86' title='bbox 1384 788 1515 829; x_wconf 85' lang='lat' dir='ltr'>caede</span> <span class='ocrx_word' id='word_1_87' title='bbox 1534 779 1647 844; x_wconf 39' lang='lat' dir='ltr'>,pro-</span> 
     </span>
     <span class='ocr_line' id='line_1_26' title="bbox 285 854 1663 918; baseline -0.001 -16"><span class='ocrx_word' id='word_1_88' title='bbox 285 867 444 902; x_wconf 88' lang='lat' dir='ltr'>stratos</span> <span class='ocrx_word' id='word_1_89' title='bbox 471 858 632 909; x_wconf 88' lang='lat' dir='ltr'>hostes,</span> <span class='ocrx_word' id='word_1_90' title='bbox 663 859 718 900; x_wconf 87' lang='lat' dir='ltr'>ad</span> <span class='ocrx_word' id='word_1_91' title='bbox 743 858 949 899; x_wconf 87' lang='lat' dir='ltr'>ultimum</span> <span class='ocrx_word' id='word_1_92' title='bbox 979 854 1112 899; x_wconf 81' lang='lat' dir='ltr'>etiam</span> <span class='ocrx_word' id='word_1_93' title='bbox 1143 858 1466 918; x_wconf 66' lang='lat' dir='ltr'>impedimentis</span> <span class='ocrx_word' id='word_1_94' title='bbox 1497 859 1663 906; x_wconf 57' lang='lat' dir='ltr'>exutos&#39;</span> 
     </span>
     <span class='ocr_line' id='line_1_27' title="bbox 286 927 1697 988; baseline -0.001 -15"><span class='ocrx_word' id='word_1_95' title='bbox 286 948 389 984; x_wconf 88' lang='lat' dir='ltr'>esse,</span> <span class='ocrx_word' id='word_1_96' title='bbox 422 930 639 981; x_wconf 87' lang='lat' dir='ltr'>nuntiant,</span> <span class='ocrx_word' id='word_1_97' title='bbox 674 930 837 988; x_wconf 87' lang='lat' dir='ltr'>quippe</span> <span class='ocrx_word' id='word_1_98' title='bbox 876 929 1062 971; x_wconf 83' lang='lat' dir='ltr'>eandem</span> <span class='ocrx_word' id='word_1_99' title='bbox 1095 929 1322 971; x_wconf 85' lang='lat' dir='ltr'>fortunam</span> <span class='ocrx_word' id='word_1_100' title='bbox 1361 932 1525 988; x_wconf 86' lang='lat' dir='ltr'>ubique</span> <span class='ocrx_word' id='word_1_101' title='bbox 1556 927 1646 985; x_wconf 75' lang='lat' dir='ltr'>esse</span> <span class='ocrx_word' id='word_1_102' title='bbox 1693 966 1697 976; x_wconf 34' lang='grc' dir='ltr'><strong>Δ</strong></span> 
     </span>
     <span class='ocr_line' id='line_1_28' title="bbox 287 1001 1695 1059; baseline -0.001 -12"><span class='ocrx_word' id='word_1_103' title='bbox 287 1004 540 1052; x_wconf 87' lang='lat' dir='ltr'>credebant,</span> <span class='ocrx_word' id='word_1_104' title='bbox 581 1009 626 1044; x_wconf 89' lang='lat' dir='ltr'>et</span> <span class='ocrx_word' id='word_1_105' title='bbox 654 1001 843 1043; x_wconf 86' lang='lat' dir='ltr'>victores</span> <span class='ocrx_word' id='word_1_106' title='bbox 874 1003 1024 1043; x_wconf 82' lang='lat' dir='ltr'>Persas</span> <span class='ocrx_word' id='word_1_107' title='bbox 1056 1002 1110 1043; x_wconf 89' lang='lat' dir='ltr'>ad</span> <span class='ocrx_word' id='word_1_108' title='bbox 1143 1003 1354 1059; x_wconf 84' lang='lat' dir='ltr'>praedam</span> <span class='ocrx_word' id='word_1_109' title='bbox 1385 1002 1646 1046; x_wconf 73' lang='lat' dir='ltr'>discurrisse.</span> <span class='ocrx_word' id='word_1_110' title='bbox 1693 1007 1695 1011; x_wconf 80' lang='grc'><strong>’</strong></span> 
     </span>
     <span class='ocr_line' id='line_1_29' title="bbox 288 1061 1678 1134; baseline 0 -16"><span class='ocrx_word' id='word_1_111' title='bbox 288 1075 578 1134; x_wconf 77' lang='lat' dir='ltr'>Sisygambis,</span> <span class='ocrx_word' id='word_1_112' title='bbox 614 1073 895 1115; x_wconf 82' lang='lat' dir='ltr'>hortantibus</span> <span class='ocrx_word' id='word_1_113' title='bbox 935 1074 1127 1131; x_wconf 75' lang='lat' dir='ltr'>captiviS,</span> <span class='ocrx_word' id='word_1_114' title='bbox 1172 1081 1220 1115; x_wconf 83' lang='lat' dir='ltr'>ut</span> <span class='ocrx_word' id='word_1_115' title='bbox 1260 1075 1457 1116; x_wconf 82' lang='lat' dir='ltr'>animum</span> <span class='ocrx_word' id='word_1_116' title='bbox 1487 1091 1509 1117; x_wconf 88' lang='lat' dir='ltr'>a</span> <span class='ocrx_word' id='word_1_117' title='bbox 1538 1061 1678 1118; x_wconf 74' lang='lat' dir='ltr'>mae-i</span> 
     </span>
     <span class='ocr_line' id='line_1_30' title="bbox 285 1145 1692 1207; baseline 0 -18"><span class='ocrx_word' id='word_1_118' title='bbox 285 1163 387 1189; x_wconf 87' lang='lat' dir='ltr'>rore</span> <span class='ocrx_word' id='word_1_119' title='bbox 416 1147 630 1196; x_wconf 82' lang='lat' dir='ltr'>allevaret,</span> <span class='ocrx_word' id='word_1_120' title='bbox 660 1146 706 1187; x_wconf 91' lang='lat' dir='ltr'>in</span> <span class='ocrx_word' id='word_1_121' title='bbox 737 1145 907 1194; x_wconf 83' lang='lat' dir='ltr'>eodem,</span> <span class='ocrx_word' id='word_1_122' title='bbox 941 1161 1027 1202; x_wconf 88' lang='lat' dir='ltr'>quo</span> <span class='ocrx_word' id='word_1_123' title='bbox 1062 1154 1188 1188; x_wconf 88' lang='lat' dir='ltr'>antea</span> <span class='ocrx_word' id='word_1_124' title='bbox 1218 1147 1312 1197; x_wconf 83' lang='lat' dir='ltr'>fuit,</span> <span class='ocrx_word' id='word_1_125' title='bbox 1341 1149 1646 1204; x_wconf 76' lang='lat' dir='ltr'>perseveravit.</span> <span class='ocrx_word' id='word_1_126' title='bbox 1689 1165 1692 1207; x_wconf 44' lang='grc' dir='ltr'><em>ξ</em></span> 
     </span>
     <span class='ocr_line' id='line_1_31' title="bbox 285 1203 1703 1267; baseline 0 -5"><span class='ocrx_word' id='word_1_127' title='bbox 285 1220 391 1262; x_wconf 83' lang='lat' dir='ltr'>Non</span> <span class='ocrx_word' id='word_1_128' title='bbox 417 1234 501 1262; x_wconf 79' lang='lat' dir='ltr'>vox</span> <span class='ocrx_word' id='word_1_129' title='bbox 531 1217 617 1259; x_wconf 89' lang='lat' dir='ltr'>ulla</span> <span class='ocrx_word' id='word_1_130' title='bbox 656 1217 815 1259; x_wconf 86' lang='lat' dir='ltr'>excidit</span> <span class='ocrx_word' id='word_1_131' title='bbox 852 1217 902 1267; x_wconf 94' lang='lat' dir='ltr'>ei,</span> <span class='ocrx_word' id='word_1_132' title='bbox 931 1233 1023 1258; x_wconf 87' lang='lat' dir='ltr'>non</span> <span class='ocrx_word' id='word_1_133' title='bbox 1056 1219 1142 1260; x_wconf 86' lang='lat' dir='ltr'>oris</span> <span class='ocrx_word' id='word_1_134' title='bbox 1172 1220 1305 1267; x_wconf 91' lang='lat' dir='ltr'>color,</span> <span class='ocrx_word' id='word_1_135' title='bbox 1335 1220 1529 1262; x_wconf 79' lang='lat' dir='ltr'>vultusve</span> <span class='ocrx_word' id='word_1_136' title='bbox 1555 1203 1674 1262; x_wconf 66' lang='lat' dir='ltr'>mu·¹</span> <span class='ocrx_word' id='word_1_137' title='bbox 1700 1246 1703 1249; x_wconf 93' lang='lat'>·</span> 
     </span>
     <span class='ocr_line' id='line_1_32' title="bbox 285 1289 1649 1349; baseline -0.001 -15"><span class='ocrx_word' id='word_1_138' title='bbox 285 1300 400 1334; x_wconf 78' lang='lat' dir='ltr'>tatus</span> <span class='ocrx_word' id='word_1_139' title='bbox 428 1298 511 1333; x_wconf 86' lang='lat' dir='ltr'>est:</span> <span class='ocrx_word' id='word_1_140' title='bbox 556 1290 701 1332; x_wconf 82' lang='lat' dir='ltr'>sedit⁴</span> <span class='ocrx_word' id='word_1_141' title='bbox 742 1289 995 1337; x_wconf 88' lang='lat' dir='ltr'>immobilis,</span> <span class='ocrx_word' id='word_1_142' title='bbox 1032 1290 1208 1341; x_wconf 89' lang='lat' dir='ltr'>(credo,</span> <span class='ocrx_word' id='word_1_143' title='bbox 1240 1291 1511 1348; x_wconf 84' lang='lat' dir='ltr'>praecoqui5</span> <span class='ocrx_word' id='word_1_144' title='bbox 1550 1293 1649 1349; x_wconf 77' lang='lat' dir='ltr'>gau-</span> 
     </span>
    </p>
   </div>
   <div class='ocr_carea' id='block_1_8' title="bbox 287 1351 1648 1420">
    <p class='ocr_par' dir='ltr' id='par_1_8' title="bbox 287 1351 1648 1420">
     <span class='ocr_line' id='line_1_33' title="bbox 287 1351 1648 1420; baseline -0.002 -13"><span class='ocrx_word' id='word_1_145' title='bbox 287 1365 359 1407; x_wconf 84' lang='lat' dir='ltr'>dio</span> <span class='ocrx_word' id='word_1_146' title='bbox 387 1364 522 1406; x_wconf 87' lang='lat' dir='ltr'>verita</span> <span class='ocrx_word' id='word_1_147' title='bbox 557 1363 723 1404; x_wconf 87' lang='lat' dir='ltr'>irritare</span> <span class='ocrx_word' id='word_1_148' title='bbox 750 1351 1049 1412; x_wconf 75' lang='lat' dir='ltr'>fortunam,&#39;⁶)</span> <span class='ocrx_word' id='word_1_149' title='bbox 1093 1362 1202 1403; x_wconf 87' lang='lat' dir='ltr'>adeo</span> <span class='ocrx_word' id='word_1_150' title='bbox 1231 1371 1303 1413; x_wconf 87' lang='lat' dir='ltr'>ut,</span> <span class='ocrx_word' id='word_1_151' title='bbox 1343 1363 1447 1420; x_wconf 85' lang='lat' dir='ltr'>quid</span> <span class='ocrx_word' id='word_1_152' title='bbox 1489 1363 1648 1415; x_wconf 74' lang='lat' dir='ltr'>mallet,</span> 
     </span>
    </p>
   </div>
   <div class='ocr_carea' id='block_1_9' title="bbox 275 1505 1668 2357">
    <p class='ocr_par' dir='ltr' id='par_1_9' title="bbox 280 1505 1668 2221">
     <span class='ocr_line' id='line_1_34' title="bbox 286 1505 1652 1566; baseline -0.001 -14"><span class='ocrx_word' id='word_1_153' title='bbox 286 1511 412 1560; x_wconf 79' lang='lat' dir='ltr'>das,⁸</span> <span class='ocrx_word' id='word_1_154' title='bbox 452 1507 703 1566; x_wconf 79' lang='lat' dir='ltr'>praefectus</span> <span class='ocrx_word' id='word_1_155' title='bbox 742 1506 941 1563; x_wconf 86' lang='lat' dir='ltr'>equitum</span> <span class='ocrx_word' id='word_1_156' title='bbox 969 1505 1216 1556; x_wconf 81' lang='lat' dir='ltr'>Alexandri,</span> <span class='ocrx_word' id='word_1_157' title='bbox 1247 1521 1349 1548; x_wconf 86' lang='lat' dir='ltr'>cum</span> <span class='ocrx_word' id='word_1_158' title='bbox 1383 1507 1534 1563; x_wconf 87' lang='lat' dir='ltr'>paucis</span> <span class='ocrx_word' id='word_1_159' title='bbox 1563 1515 1652 1550; x_wconf 90' lang='lat' dir='ltr'>tur-</span> 
     </span>
     <span class='ocr_line' id='line_1_35' title="bbox 285 1567 1649 1638; baseline -0.002 -14"><span class='ocrx_word' id='word_1_160' title='bbox 285 1582 369 1624; x_wconf 88' lang='lat' dir='ltr'>mis</span> <span class='ocrx_word' id='word_1_161' title='bbox 409 1596 541 1638; x_wconf 89' lang='lat' dir='ltr'>opem</span> <span class='ocrx_word' id='word_1_162' title='bbox 576 1578 904 1636; x_wconf 85' lang='lat' dir='ltr'>impedimentis</span> <span class='ocrx_word' id='word_1_163' title='bbox 945 1577 1112 1620; x_wconf 90' lang='lat' dir='ltr'>laturus</span> <span class='ocrx_word' id='word_1_164' title='bbox 1149 1579 1396 1629; x_wconf 85' lang='lat' dir='ltr'>advenerat,</span> <span class='ocrx_word' id='word_1_165' title='bbox 1431 1567 1649 1625; x_wconf 69' lang='lat' dir='ltr'>incertum</span> 
     </span>
     <span class='ocr_line' id='line_1_36' title="bbox 285 1651 1651 1707; baseline -0.001 -11"><span class='ocrx_word' id='word_1_166' title='bbox 285 1670 423 1697; x_wconf 88' lang='lat' dir='ltr'>suone</span> <span class='ocrx_word' id='word_1_167' title='bbox 467 1652 667 1702; x_wconf 87' lang='lat' dir='ltr'>consilio,</span> <span class='ocrx_word' id='word_1_168' title='bbox 704 1666 762 1692; x_wconf 88' lang='lat' dir='ltr'>an</span> <span class='ocrx_word' id='word_1_169' title='bbox 798 1651 910 1707; x_wconf 78' lang='lat' dir='ltr'>regis</span> <span class='ocrx_word' id='word_1_170' title='bbox 946 1651 1153 1706; x_wconf 83' lang='lat' dir='ltr'>imperio:</span> <span class='ocrx_word' id='word_1_171' title='bbox 1199 1651 1274 1692; x_wconf 92' lang='lat' dir='ltr'>sed</span> <span class='ocrx_word' id='word_1_172' title='bbox 1320 1667 1410 1692; x_wconf 87' lang='lat' dir='ltr'>non</span> <span class='ocrx_word' id='word_1_173' title='bbox 1449 1651 1651 1695; x_wconf 82' lang='lat' dir='ltr'>sustinuit</span> 
     </span>
     <span class='ocr_line' id='line_1_37' title="bbox 284 1722 1648 1781; baseline -0.001 -13"><span class='ocrx_word' id='word_1_174' title='bbox 284 1725 638 1769; x_wconf 83' lang='lat' dir='ltr'>Caucasiorum9</span> <span class='ocrx_word' id='word_1_175' title='bbox 688 1722 1043 1781; x_wconf 84' lang='lat' dir='ltr'>Scytharumque</span> <span class='ocrx_word' id='word_1_176' title='bbox 1090 1722 1325 1778; x_wconf 83' lang='lat' dir='ltr'>impetum,</span> <span class='ocrx_word' id='word_1_177' title='bbox 1370 1723 1531 1781; x_wconf 79' lang='lat' dir='ltr'>quippe</span> <span class='ocrx_word' id='word_1_178' title='bbox 1580 1725 1648 1768; x_wconf 85' lang='lat' dir='ltr'>vix</span> 
     </span>
     <span class='ocr_line' id='line_1_38' title="bbox 281 1794 1647 1856; baseline -0.003 -14"><span class='ocrx_word' id='word_1_179' title='bbox 281 1805 501 1856; x_wconf 78' lang='lat' dir='ltr'>temptato</span> <span class='ocrx_word' id='word_1_180' title='bbox 524 1796 764 1839; x_wconf 83' lang='lat' dir='ltr'>certamine</span> <span class='ocrx_word' id='word_1_181' title='bbox 783 1795 943 1851; x_wconf 77' lang='lat' dir='ltr'>refugit</span> <span class='ocrx_word' id='word_1_182' title='bbox 961 1799 1004 1819; x_wconf 88' lang='lat'>¹0</span> <span class='ocrx_word' id='word_1_183' title='bbox 1039 1794 1092 1835; x_wconf 88' lang='lat' dir='ltr'>ad</span> <span class='ocrx_word' id='word_1_184' title='bbox 1111 1809 1270 1850; x_wconf 66' lang='lat' dir='ltr'>regem,</span> <span class='ocrx_word' id='word_1_185' title='bbox 1291 1795 1550 1838; x_wconf 88' lang='lat' dir='ltr'>amissorum</span> <span class='ocrx_word' id='word_1_186' title='bbox 1570 1797 1647 1838; x_wconf 88' lang='lat' dir='ltr'>im-</span> 
     </span>
     <span class='ocr_line' id='line_1_39' title="bbox 281 1856 1663 1929; baseline -0.002 -16"><span class='ocrx_word' id='word_1_187' title='bbox 281 1871 642 1929; x_wconf 89' lang='lat' dir='ltr'>pedimentorum</span> <span class='ocrx_word' id='word_1_188' title='bbox 669 1867 791 1909; x_wconf 76' lang='lat' dir='ltr'>testis</span> <span class='ocrx_word' id='word_1_189' title='bbox 821 1867 970 1923; x_wconf 73' lang='lat' dir='ltr'>magis,</span> <span class='ocrx_word' id='word_1_190' title='bbox 994 1881 1128 1924; x_wconf 91' lang='lat' dir='ltr'>quam</span> <span class='ocrx_word' id='word_1_191' title='bbox 1159 1867 1324 1908; x_wconf 77' lang='lat' dir='ltr'>vindex.</span> <span class='ocrx_word' id='word_1_192' title='bbox 1383 1869 1478 1910; x_wconf 86' lang='lat' dir='ltr'>lam</span> <span class='ocrx_word' id='word_1_193' title='bbox 1509 1856 1663 1912; x_wconf 59' lang='lat' dir='ltr'>consi-j</span> 
     </span>
     <span class='ocr_line' id='line_1_40' title="bbox 281 1939 1647 1999; baseline -0.001 -14"><span class='ocrx_word' id='word_1_194' title='bbox 281 1945 389 1986; x_wconf 89' lang='lat' dir='ltr'>lium</span> <span class='ocrx_word' id='word_1_195' title='bbox 429 1941 663 1984; x_wconf 86' lang='lat' dir='ltr'>Alexandri</span> <span class='ocrx_word' id='word_1_196' title='bbox 705 1939 834 1981; x_wconf 91' lang='lat' dir='ltr'>dolor</span> <span class='ocrx_word' id='word_1_197' title='bbox 869 1939 1114 1981; x_wconf 79' lang='lat' dir='ltr'>viceratz¹¹</span> <span class='ocrx_word' id='word_1_198' title='bbox 1157 1945 1200 1980; x_wconf 89' lang='lat' dir='ltr'>et</span> <span class='ocrx_word' id='word_1_199' title='bbox 1235 1955 1290 1980; x_wconf 88' lang='lat' dir='ltr'>ne</span> <span class='ocrx_word' id='word_1_200' title='bbox 1326 1955 1428 1982; x_wconf 89' lang='lat' dir='ltr'>cura</span> <span class='ocrx_word' id='word_1_201' title='bbox 1466 1955 1647 1999; x_wconf 87' lang='lat' dir='ltr'>recupe-</span> 
     </span>
     <span class='ocr_line' id='line_1_41' title="bbox 281 2011 1643 2068; baseline -0.002 -10"><span class='ocrx_word' id='word_1_202' title='bbox 281 2015 411 2058; x_wconf 87' lang='lat' dir='ltr'>randi</span> <span class='ocrx_word' id='word_1_203' title='bbox 440 2028 515 2057; x_wconf 78' lang='lat' dir='ltr'>sua</span> <span class='ocrx_word' id='word_1_204' title='bbox 551 2013 737 2055; x_wconf 87' lang='lat' dir='ltr'>militem</span> <span class='ocrx_word' id='word_1_205' title='bbox 778 2027 802 2054; x_wconf 93' lang='lat' dir='ltr'>a</span> <span class='ocrx_word' id='word_1_206' title='bbox 846 2011 1014 2068; x_wconf 83' lang='lat' dir='ltr'>proelio</span> <span class='ocrx_word' id='word_1_207' title='bbox 1045 2018 1271 2061; x_wconf 85' lang='lat' dir='ltr'>averteret,</span> <span class='ocrx_word' id='word_1_208' title='bbox 1302 2027 1392 2053; x_wconf 89' lang='lat' dir='ltr'>non</span> <span class='ocrx_word' id='word_1_209' title='bbox 1422 2011 1643 2056; x_wconf 85' lang='lat' dir='ltr'>immerito</span> 
     </span>
     <span class='ocr_line' id='line_1_42' title="bbox 280 2082 1645 2142; baseline -0.005 -10"><span class='ocrx_word' id='word_1_210' title='bbox 280 2090 528 2132; x_wconf 86' lang='lat' dir='ltr'>verebatur.</span> <span class='ocrx_word' id='word_1_211' title='bbox 594 2087 746 2142; x_wconf 86' lang='lat' dir='ltr'>ltaque</span> <span class='ocrx_word' id='word_1_212' title='bbox 784 2089 960 2134; x_wconf 88' lang='lat' dir='ltr'>Areten,</span> <span class='ocrx_word' id='word_1_213' title='bbox 994 2085 1153 2126; x_wconf 80' lang='lat' dir='ltr'>ducem</span> <span class='ocrx_word' id='word_1_214' title='bbox 1184 2082 1470 2133; x_wconf 88' lang='lat' dir='ltr'>hastatorum,</span> <span class='ocrx_word' id='word_1_215' title='bbox 1504 2085 1645 2136; x_wconf 83' lang='lat' dir='ltr'>(saris-</span> 
     </span>
     <span class='ocr_line' id='line_1_43' title="bbox 281 2156 1668 2221; baseline -0.008 -16"><span class='ocrx_word' id='word_1_216' title='bbox 281 2163 560 2221; x_wconf 87' lang='lat' dir='ltr'>sophoros¹²</span> <span class='ocrx_word' id='word_1_217' title='bbox 589 2157 840 2208; x_wconf 61' lang='lat' dir='ltr'>vocabant)</span> <span class='ocrx_word' id='word_1_218' title='bbox 871 2157 1076 2198; x_wconf 83' lang='lat' dir='ltr'>adversus</span> <span class='ocrx_word' id='word_1_219' title='bbox 1111 2157 1298 2213; x_wconf 74' lang='lat' dir='ltr'>Scythas</span> <span class='ocrx_word' id='word_1_220' title='bbox 1325 2156 1474 2196; x_wconf 84' lang='lat' dir='ltr'>mittit.</span> <span class='ocrx_word' id='word_1_221' title='bbox 1664 2212 1668 2218; x_wconf 22' lang='grc' dir='ltr'>ἱ</span> 
     </span>
    </p>

    <p class='ocr_par' dir='ltr' id='par_1_10' title="bbox 275 2228 1646 2357">
     <span class='ocr_line' id='line_1_44' title="bbox 358 2228 1643 2286; baseline -0.005 -10"><span class='ocrx_word' id='word_1_222' title='bbox 358 2236 480 2277; x_wconf 86' lang='lat' dir='ltr'>Inter</span> <span class='ocrx_word' id='word_1_223' title='bbox 508 2232 618 2273; x_wconf 86' lang='lat' dir='ltr'>haec</span> <span class='ocrx_word' id='word_1_224' title='bbox 649 2243 815 2279; x_wconf 90' lang='lat' dir='ltr'>currus,</span> <span class='ocrx_word' id='word_1_225' title='bbox 858 2229 932 2286; x_wconf 90' lang='lat' dir='ltr'>qui</span> <span class='ocrx_word' id='word_1_226' title='bbox 966 2229 1081 2271; x_wconf 87' lang='lat' dir='ltr'>circa</span> <span class='ocrx_word' id='word_1_227' title='bbox 1116 2229 1232 2284; x_wconf 74' lang='lat' dir='ltr'>signa</span> <span class='ocrx_word' id='word_1_228' title='bbox 1263 2228 1467 2284; x_wconf 87' lang='lat' dir='ltr'>prima¹³</span> <span class='ocrx_word' id='word_1_229' title='bbox 1499 2228 1643 2270; x_wconf 89' lang='lat' dir='ltr'>turba-</span> 
     </span>
     <span class='ocr_line' id='line_1_45' title="bbox 275 2299 1646 2357; baseline -0.006 -7"><span class='ocrx_word' id='word_1_230' title='bbox 275 2313 430 2350; x_wconf 85' lang='lat' dir='ltr'>verant</span> <span class='ocrx_word' id='word_1_231' title='bbox 469 2305 634 2353; x_wconf 89' lang='lat' dir='ltr'>aciem,</span> <span class='ocrx_word' id='word_1_232' title='bbox 672 2301 716 2343; x_wconf 91' lang='lat' dir='ltr'>in</span> <span class='ocrx_word' id='word_1_233' title='bbox 752 2299 1017 2357; x_wconf 78' lang='lat' dir='ltr'>phalangem</span> <span class='ocrx_word' id='word_1_234' title='bbox 1054 2299 1212 2340; x_wconf 85' lang='lat' dir='ltr'>invecti</span> <span class='ocrx_word' id='word_1_235' title='bbox 1242 2308 1379 2344; x_wconf 81' lang='lat' dir='ltr'>erant.</span> <span class='ocrx_word' id='word_1_236' title='bbox 1438 2301 1646 2343; x_wconf 86' lang='lat' dir='ltr'>Macedo-</span> 
     </span>
    </p>
   </div>
   <div class='ocr_carea' id='block_1_10' title="bbox 275 2372 1663 2443">
    <p class='ocr_par' dir='ltr' id='par_1_11' title="bbox 275 2372 1663 2443">
     <span class='ocr_line' id='line_1_46' title="bbox 275 2372 1663 2443; baseline -0.005 -20"><span class='ocrx_word' id='word_1_237' title='bbox 275 2395 354 2422; x_wconf 88' lang='lat' dir='ltr'>nes</span> <span class='ocrx_word' id='word_1_238' title='bbox 388 2375 659 2421; x_wconf 86' lang='lat' dir='ltr'>confirmatis</span> <span class='ocrx_word' id='word_1_239' title='bbox 695 2373 848 2416; x_wconf 90' lang='lat' dir='ltr'>animis</span> <span class='ocrx_word' id='word_1_240' title='bbox 888 2372 933 2414; x_wconf 89' lang='lat' dir='ltr'>in</span> <span class='ocrx_word' id='word_1_241' title='bbox 974 2372 1172 2414; x_wconf 90' lang='lat' dir='ltr'>medium</span> <span class='ocrx_word' id='word_1_242' title='bbox 1212 2386 1368 2428; x_wconf 75' lang='lat' dir='ltr'>agmen</span> <span class='ocrx_word' id='word_1_243' title='bbox 1407 2374 1663 2443; x_wconf 49' lang='lat' dir='ltr'>accipiunt.,(</span> 
     </span>
    </p>
   </div>
   <div class='ocr_carea' id='block_1_11' title="bbox 1658 2476 1661 2491">
    <p class='ocr_par' dir='ltr' id='par_1_12' title="bbox 1658 2476 1661 2491">
     <span class='ocr_line' id='line_1_47' title="bbox 1658 2476 1661 2491; baseline 0 0"><span class='ocrx_word' id='word_1_244' title='bbox 1658 2476 1661 2491; x_wconf 71' lang='lat' dir='ltr'>l</span> 
     </span>
    </p>
   </div>
   <div class='ocr_carea' id='block_1_12' title="bbox 276 2500 1659 2720">
    <p class='ocr_par' dir='ltr' id='par_1_13' title="bbox 276 2500 1659 2720">
     <span class='ocr_line' id='line_1_48' title="bbox 276 2500 1659 2562; baseline -0.005 -12"><span class='ocrx_word' id='word_1_245' title='bbox 276 2517 294 2542; x_wconf 79' lang='lat'>1</span> <span class='ocrx_word' id='word_1_246' title='bbox 321 2516 488 2562; x_wconf 82' lang='lat' dir='ltr'>rapiunt.</span> <span class='ocrx_word' id='word_1_247' title='bbox 663 2511 684 2538; x_wconf 86' lang='lat'>2</span> <span class='ocrx_word' id='word_1_248' title='bbox 711 2511 831 2546; x_wconf 73' lang='lat' dir='ltr'>abest.</span> <span class='ocrx_word' id='word_1_249' title='bbox 1011 2508 1030 2539; x_wconf 91' lang='grc'>3</span> <span class='ocrx_word' id='word_1_250' title='bbox 1066 2508 1187 2542; x_wconf 78' lang='lat' dir='ltr'>abest.</span> <span class='ocrx_word' id='word_1_251' title='bbox 1375 2510 1397 2540; x_wconf 92' lang='grc'><strong>4</strong></span> <span class='ocrx_word' id='word_1_252' title='bbox 1419 2509 1504 2543; x_wconf 90' lang='lat' dir='ltr'>sed</span> <span class='ocrx_word' id='word_1_253' title='bbox 1529 2500 1659 2559; x_wconf 57' lang='lat' dir='ltr'>sedit.J</span> 
     </span>
     <span class='ocr_line' id='line_1_49' title="bbox 364 2563 1637 2616; baseline -0.01 -14"><span class='ocrx_word' id='word_1_254' title='bbox 364 2572 383 2599; x_wconf 86' lang='grc'><em>5</em></span> <span class='ocrx_word' id='word_1_255' title='bbox 410 2578 613 2616; x_wconf 82' lang='lat' dir='ltr'>praecoce.</span> <span class='ocrx_word' id='word_1_256' title='bbox 831 2563 853 2590; x_wconf 88' lang='lat'><strong>6</strong></span> <span class='ocrx_word' id='word_1_257' title='bbox 876 2563 1070 2597; x_wconf 77' lang='lat' dir='ltr'>fortunam</span> <span class='ocrx_word' id='word_1_258' title='bbox 1096 2563 1256 2599; x_wconf 71' lang='lat' dir='ltr'>irritare,</span> <span class='ocrx_word' id='word_1_259' title='bbox 1471 2564 1488 2590; x_wconf 87' lang='grc'><strong><em>7</em></strong></span> <span class='ocrx_word' id='word_1_260' title='bbox 1517 2563 1637 2597; x_wconf 61' lang='lat' dir='ltr'>abest,</span> 
     </span>
     <span class='ocr_line' id='line_1_50' title="bbox 360 2617 1657 2666; baseline -0.005 -9"><span class='ocrx_word' id='word_1_261' title='bbox 360 2623 378 2651; x_wconf 84' lang='lat'><em>8</em></span> <span class='ocrx_word' id='word_1_262' title='bbox 404 2624 596 2666; x_wconf 50' lang='lat' dir='ltr'>Amynta&amp;</span> <span class='ocrx_word' id='word_1_263' title='bbox 689 2621 709 2647; x_wconf 89' lang='lat'>9</span> <span class='ocrx_word' id='word_1_264' title='bbox 731 2618 997 2652; x_wconf 85' lang='lat' dir='ltr'>Cadusiorum.</span> <span class='ocrx_word' id='word_1_265' title='bbox 1077 2634 1085 2639; x_wconf 89' lang='lat'><em>-</em></span> <span class='ocrx_word' id='word_1_266' title='bbox 1106 2618 1147 2641; x_wconf 84' lang='lat'>¹0</span> <span class='ocrx_word' id='word_1_267' title='bbox 1177 2617 1322 2662; x_wconf 70' lang='lat' dir='ltr'>effugit.</span> <span class='ocrx_word' id='word_1_268' title='bbox 1432 2618 1470 2641; x_wconf 81' lang='lat'>11</span> <span class='ocrx_word' id='word_1_269' title='bbox 1498 2618 1657 2659; x_wconf 36' lang='lat' dir='ltr'>vicerat,</span> 
     </span>
     <span class='ocr_line' id='line_1_51' title="bbox 361 2663 1657 2720; baseline -0.005 -10"><span class='ocrx_word' id='word_1_270' title='bbox 361 2677 483 2711; x_wconf 89' lang='lat' dir='ltr'>dolor.</span> <span class='ocrx_word' id='word_1_271' title='bbox 615 2674 655 2700; x_wconf 84' lang='lat'>12</span> <span class='ocrx_word' id='word_1_272' title='bbox 685 2685 804 2720; x_wconf 78' lang='lat' dir='ltr'>quos</span> <span class='ocrx_word' id='word_1_273' title='bbox 834 2671 1130 2718; x_wconf 76' lang='lat' dir='ltr'>sarissophoros.</span> <span class='ocrx_word' id='word_1_274' title='bbox 1254 2670 1292 2700; x_wconf 87' lang='lat'>13</span> <span class='ocrx_word' id='word_1_275' title='bbox 1321 2670 1444 2716; x_wconf 81' lang='lat' dir='ltr'>prima</span> <span class='ocrx_word' id='word_1_276' title='bbox 1472 2670 1591 2715; x_wconf 81' lang='lat' dir='ltr'>signa.</span> <span class='ocrx_word' id='word_1_277' title='bbox 1653 2663 1657 2681; x_wconf 74' lang='lat'>⁸</span> 
     </span>
    </p>
   </div>
   <div class='ocr_carea' id='block_1_13' title="bbox 1652 2722 1656 2739">
    <p class='ocr_par' dir='ltr' id='par_1_14' title="bbox 1652 2722 1656 2739">
     <span class='ocr_line' id='line_1_52' title="bbox 1652 2722 1656 2739; baseline 0 0"><span class='ocrx_word' id='word_1_278' title='bbox 1652 2722 1656 2739; x_wconf 71' lang='grc' dir='ltr'>Ι</span> 
     </span>
    </p>
   </div>
   <div class='ocr_carea' id='block_1_14' title="bbox 1650 2791 1654 2844">
    <p class='ocr_par' dir='ltr' id='par_1_15' title="bbox 1650 2791 1654 2844">
     <span class='ocr_line' id='line_1_53' title="bbox 1650 2791 1654 2844; baseline 0 0"><span class='ocrx_word' id='word_1_279' title='bbox 1650 2791 1654 2844; x_wconf 72' lang='grc' dir='ltr'><strong><em>ἓ</em></strong></span> 
     </span>
    </p>
   </div>
  </div>
 </body>
</html>
