<?xml version="1.0" encoding="UTF-8"?>
<!DOCTYPE html PUBLIC "-//W3C//DTD XHTML 1.0 Transitional//EN"
    "http://www.w3.org/TR/xhtml1/DTD/xhtml1-transitional.dtd">
<html xmlns="http://www.w3.org/1999/xhtml" xml:lang="en" lang="en">
 <head>
  <title>
</title>
<meta http-equiv="Content-Type" content="text/html;charset=utf-8" />
  <meta name='ocr-system' content='tesseract 3.04.00' />
  <meta name='ocr-capabilities' content='ocr_page ocr_carea ocr_par ocr_line ocrx_word'/>
</head>
<body>
  <div class='ocr_page' id='page_1' title='image "./degestisalexandr00curtuoft_0149.png"; bbox 0 0 1703 2961; ppageno 0'>
   <div class='ocr_carea' id='block_1_1' title="bbox 351 81 1397 143">
    <p class='ocr_par' dir='ltr' id='par_1_1' title="bbox 351 81 1397 143">
     <span class='ocr_line' id='line_1_1' title="bbox 351 81 1397 143; baseline -0.023 1"><span class='ocrx_word' id='word_1_1' title='bbox 351 101 432 143; x_wconf 85' lang='lat' dir='ltr'>DE</span> <span class='ocrx_word' id='word_1_2' title='bbox 462 97 669 142; x_wconf 75' lang='lat' dir='ltr'>GEsTls</span> <span class='ocrx_word' id='word_1_3' title='bbox 700 93 868 136; x_wconf 84' lang='lat' dir='ltr'>ALEX.</span> <span class='ocrx_word' id='word_1_4' title='bbox 896 93 968 140; x_wconf 78' lang='lat' dir='ltr'>w,</span> <span class='ocrx_word' id='word_1_5' title='bbox 998 89 1063 133; x_wconf 77' lang='lat'>57.</span> <span class='ocrx_word' id='word_1_6' title='bbox 1322 81 1397 121; x_wconf 76' lang='lat'>²01</span> 
     </span>
    </p>
   </div>
   <div class='ocr_carea' id='block_1_2' title="bbox 21 196 1431 1852">
    <p class='ocr_par' dir='ltr' id='par_1_2' title="bbox 21 196 1431 1852">
     <span class='ocr_line' id='line_1_2' title="bbox 47 196 1398 262; baseline -0.022 1"><span class='ocrx_word' id='word_1_7' title='bbox 47 221 174 262; x_wconf 85' lang='lat' dir='ltr'>Vallo</span> <span class='ocrx_word' id='word_1_8' title='bbox 202 215 350 258; x_wconf 81' lang='lat' dir='ltr'>similis</span> <span class='ocrx_word' id='word_1_9' title='bbox 382 212 495 254; x_wconf 83' lang='lat' dir='ltr'>acies</span> <span class='ocrx_word' id='word_1_10' title='bbox 525 215 639 250; x_wconf 81' lang='lat' dir='ltr'>erat:</span> <span class='ocrx_word' id='word_1_11' title='bbox 676 207 904 247; x_wconf 82' lang='lat' dir='ltr'>iunxerant</span> <span class='ocrx_word' id='word_1_12' title='bbox 931 202 1090 248; x_wconf 79' lang='lat' dir='ltr'>hastas,</span> <span class='ocrx_word' id='word_1_13' title='bbox 1120 205 1164 239; x_wconf 84' lang='lat' dir='ltr'>ct</span> <span class='ocrx_word' id='word_1_14' title='bbox 1191 196 1246 236; x_wconf 90' lang='lat' dir='ltr'>ab</span> <span class='ocrx_word' id='word_1_15' title='bbox 1278 200 1398 234; x_wconf 77' lang='lat' dir='ltr'>utro-</span> 
     </span>
     <span class='ocr_line' id='line_1_3' title="bbox 46 263 1396 350; baseline -0.022 -17"><span class='ocrx_word' id='word_1_16' title='bbox 46 307 130 350; x_wconf 89' lang='lat' dir='ltr'>que</span> <span class='ocrx_word' id='word_1_17' title='bbox 159 290 292 331; x_wconf 83' lang='lat' dir='ltr'>latere</span> <span class='ocrx_word' id='word_1_18' title='bbox 322 292 486 325; x_wconf 88' lang='lat' dir='ltr'>temere</span> <span class='ocrx_word' id='word_1_19' title='bbox 515 278 831 322; x_wconf 78' lang='lat' dir='ltr'>incurrentium</span> <span class='ocrx_word' id='word_1_20' title='bbox 863 276 931 316; x_wconf 88' lang='lat' dir='ltr'>ilia</span> <span class='ocrx_word' id='word_1_21' title='bbox 948 269 1255 314; x_wconf 79' lang='lat' dir='ltr'><strong>suffodiebant.</strong></span> <span class='ocrx_word' id='word_1_22' title='bbox 1299 263 1396 306; x_wconf 83' lang='lat' dir='ltr'>Cir-</span> 
     </span>
     <span class='ocr_line' id='line_1_4' title="bbox 46 337 1396 406; baseline -0.019 -2"><span class='ocrx_word' id='word_1_23' title='bbox 46 361 213 406; x_wconf 87' lang='lat' dir='ltr'>cumire</span> <span class='ocrx_word' id='word_1_24' title='bbox 253 356 410 399; x_wconf 88' lang='lat' dir='ltr'>deinde</span> <span class='ocrx_word' id='word_1_25' title='bbox 450 366 603 396; x_wconf 88' lang='lat' dir='ltr'>currus</span> <span class='ocrx_word' id='word_1_26' title='bbox 641 357 684 391; x_wconf 88' lang='lat' dir='ltr'>et</span> <span class='ocrx_word' id='word_1_27' title='bbox 727 353 1076 405; x_wconf 72' lang='lat' dir='ltr'>propugnatores</span> <span class='ocrx_word' id='word_1_28' title='bbox 1104 337 1396 398; x_wconf 86' lang='lat' dir='ltr'>praecipitare</span> 
     </span>
     <span class='ocr_line' id='line_1_5' title="bbox 23 408 1398 489; baseline -0.022 -11"><span class='ocrx_word' id='word_1_29' title='bbox 23 437 297 489; x_wconf 82' lang='lat' dir='ltr'>&#39;coeperunt.</span> <span class='ocrx_word' id='word_1_30' title='bbox 347 429 500 484; x_wconf 90' lang='lat' dir='ltr'>Ingens</span> <span class='ocrx_word' id='word_1_31' title='bbox 523 423 649 465; x_wconf 89' lang='lat' dir='ltr'>ruina</span> <span class='ocrx_word' id='word_1_32' title='bbox 668 434 884 478; x_wconf 88' lang='lat' dir='ltr'>equorum</span> <span class='ocrx_word' id='word_1_33' title='bbox 903 416 1238 472; x_wconf 79' lang='lat' dir='ltr'>aurigarumque</span> <span class='ocrx_word' id='word_1_34' title='bbox 1256 408 1398 451; x_wconf 83' lang='lat' dir='ltr'>aciem</span> 
     </span>
     <span class='ocr_line' id='line_1_6' title="bbox 43 479 1392 562; baseline -0.021 -13"><span class='ocrx_word' id='word_1_35' title='bbox 43 504 352 562; x_wconf 89' lang='lat' dir='ltr'>compleverat.</span> <span class='ocrx_word' id='word_1_36' title='bbox 439 497 494 539; x_wconf 88' lang='lat' dir='ltr'>Hi</span> <span class='ocrx_word' id='word_1_37' title='bbox 531 494 707 536; x_wconf 85' lang='lat' dir='ltr'>territos</span> <span class='ocrx_word' id='word_1_38' title='bbox 738 505 887 548; x_wconf 80' lang='lat' dir='ltr'>regere</span> <span class='ocrx_word' id='word_1_39' title='bbox 921 503 1011 530; x_wconf 89' lang='lat' dir='ltr'>non</span> <span class='ocrx_word' id='word_1_40' title='bbox 1059 488 1278 543; x_wconf 82' lang='lat' dir='ltr'>poterant,</span> <span class='ocrx_word' id='word_1_41' title='bbox 1313 479 1392 520; x_wconf 83' lang='lat' dir='ltr'>hi¹</span> 
     </span>
     <span class='ocr_line' id='line_1_7' title="bbox 42 555 1400 622; baseline -0.021 -1"><span class='ocrx_word' id='word_1_42' title='bbox 42 577 197 622; x_wconf 83' lang='lat' dir='ltr'>crebra</span> <span class='ocrx_word' id='word_1_43' title='bbox 222 571 457 616; x_wconf 86' lang='lat' dir='ltr'>iactatione</span> <span class='ocrx_word' id='word_1_44' title='bbox 487 566 709 610; x_wconf 80' lang='lat' dir='ltr'>cervicum</span> <span class='ocrx_word' id='word_1_45' title='bbox 745 579 835 604; x_wconf 83' lang='lat' dir='ltr'>non</span> <span class='ocrx_word' id='word_1_46' title='bbox 864 562 1012 618; x_wconf 87' lang='lat' dir='ltr'>iugum</span> <span class='ocrx_word' id='word_1_47' title='bbox 1042 555 1180 599; x_wconf 87' lang='lat' dir='ltr'>modo</span> <span class='ocrx_word' id='word_1_48' title='bbox 1207 566 1400 596; x_wconf 84' lang='lat' dir='ltr'>excusse-</span> 
     </span>
     <span class='ocr_line' id='line_1_8' title="bbox 42 624 1400 698; baseline -0.021 -6"><span class='ocrx_word' id='word_1_49' title='bbox 42 656 155 698; x_wconf 87' lang='lat' dir='ltr'>rant,</span> <span class='ocrx_word' id='word_1_50' title='bbox 185 646 260 689; x_wconf 84' lang='lat' dir='ltr'>sed</span> <span class='ocrx_word' id='word_1_51' title='bbox 289 643 422 686; x_wconf 89' lang='lat' dir='ltr'>etiam</span> <span class='ocrx_word' id='word_1_52' title='bbox 451 654 603 683; x_wconf 86' lang='lat' dir='ltr'>currus</span> <span class='ocrx_word' id='word_1_53' title='bbox 619 641 886 679; x_wconf 77' lang='lat' dir='ltr'>everterant:</span> <span class='ocrx_word' id='word_1_54' title='bbox 913 629 1126 674; x_wconf 80' lang='lat' dir='ltr'>vulnerati</span> <span class='ocrx_word' id='word_1_55' title='bbox 1144 624 1400 670; x_wconf 81' lang='lat' dir='ltr'>interfectos</span> 
     </span>
     <span class='ocr_line' id='line_1_9' title="bbox 23 695 1401 765; baseline -0.02 -1"><span class='ocrx_word' id='word_1_56' title='bbox 23 719 296 765; x_wconf 71' lang='lat' dir='ltr'>rtrahebant,</span> <span class='ocrx_word' id='word_1_57' title='bbox 325 729 407 756; x_wconf 89' lang='lat' dir='ltr'>nec</span> <span class='ocrx_word' id='word_1_58' title='bbox 436 711 672 756; x_wconf 79' lang='lat' dir='ltr'>consistere</span> <span class='ocrx_word' id='word_1_59' title='bbox 701 707 852 756; x_wconf 86' lang='lat' dir='ltr'>territi,</span> <span class='ocrx_word' id='word_1_60' title='bbox 890 720 972 747; x_wconf 87' lang='lat' dir='ltr'>nec</span> <span class='ocrx_word' id='word_1_61' title='bbox 1002 698 1205 761; x_wconf 81' lang='lat' dir='ltr'>progredi</span> <span class='ocrx_word' id='word_1_62' title='bbox 1237 695 1401 740; x_wconf 78' lang='lat' dir='ltr'>debiles</span> 
     </span>
     <span class='ocr_line' id='line_1_10' title="bbox 21 767 1402 851; baseline -0.02 -16"><span class='ocrx_word' id='word_1_63' title='bbox 21 797 262 851; x_wconf 63' lang='lat' dir='ltr'>&#39;poterant</span> <span class='ocrx_word' id='word_1_64' title='bbox 324 787 495 828; x_wconf 84' lang='lat' dir='ltr'>Paucae</span> <span class='ocrx_word' id='word_1_65' title='bbox 543 791 694 825; x_wconf 89' lang='lat' dir='ltr'>tamen</span> <span class='ocrx_word' id='word_1_66' title='bbox 735 786 906 821; x_wconf 68' lang='lat' dir='ltr'>evasere</span> <span class='ocrx_word' id='word_1_67' title='bbox 946 773 1179 834; x_wconf 80' lang='lat' dir='ltr'>quadrigae</span> <span class='ocrx_word' id='word_1_68' title='bbox 1215 770 1262 831; x_wconf 85' lang='lat' dir='ltr'>in</span> <span class='ocrx_word' id='word_1_69' title='bbox 1305 767 1402 810; x_wconf 83' lang='lat' dir='ltr'>ulti-</span> 
     </span>
     <span class='ocr_line' id='line_1_11' title="bbox 47 842 1404 912; baseline -0.019 -6"><span class='ocrx_word' id='word_1_70' title='bbox 47 878 170 906; x_wconf 86' lang='lat' dir='ltr'>mam</span> <span class='ocrx_word' id='word_1_71' title='bbox 208 861 361 909; x_wconf 83' lang='lat' dir='ltr'>aciem,</span> <span class='ocrx_word' id='word_1_72' title='bbox 402 858 462 907; x_wconf 90' lang='lat' dir='ltr'>iis,</span> <span class='ocrx_word' id='word_1_73' title='bbox 503 855 660 912; x_wconf 88' lang='lat' dir='ltr'>quibus</span> <span class='ocrx_word' id='word_1_74' title='bbox 694 851 956 897; x_wconf 78' lang='lat' dir='ltr'>inciderunt,</span> <span class='ocrx_word' id='word_1_75' title='bbox 995 842 1228 888; x_wconf 82' lang='lat' dir='ltr'>miserabili</span> <span class='ocrx_word' id='word_1_76' title='bbox 1256 846 1404 883; x_wconf 86' lang='lat' dir='ltr'>morte</span> 
     </span>
     <span class='ocr_line' id='line_1_12' title="bbox 29 912 1406 990; baseline -0.019 -11"><span class='ocrx_word' id='word_1_77' title='bbox 29 932 341 990; x_wconf 80' lang='lat' dir='ltr'>consumptis:</span> <span class='ocrx_word' id='word_1_78' title='bbox 379 929 539 988; x_wconf 86' lang='lat' dir='ltr'>quippe</span> <span class='ocrx_word' id='word_1_79' title='bbox 570 930 796 982; x_wconf 90' lang='lat' dir='ltr'>amputata</span> <span class='ocrx_word' id='word_1_80' title='bbox 824 922 1019 963; x_wconf 80' lang='lat' dir='ltr'>virorum</span> <span class='ocrx_word' id='word_1_81' title='bbox 1050 915 1253 960; x_wconf 87' lang='lat' dir='ltr'>membra</span> <span class='ocrx_word' id='word_1_82' title='bbox 1279 912 1406 955; x_wconf 86' lang='lat' dir='ltr'>humi</span> 
     </span>
     <span class='ocr_line' id='line_1_13' title="bbox 50 984 1407 1058; baseline -0.018 -9"><span class='ocrx_word' id='word_1_83' title='bbox 50 1007 265 1054; x_wconf 89' lang='lat' dir='ltr'>iacebant,</span> <span class='ocrx_word' id='word_1_84' title='bbox 303 1010 348 1044; x_wconf 89' lang='lat' dir='ltr'>et</span> <span class='ocrx_word' id='word_1_85' title='bbox 380 1001 480 1058; x_wconf 88' lang='lat' dir='ltr'>quia</span> <span class='ocrx_word' id='word_1_86' title='bbox 517 997 664 1041; x_wconf 85' lang='lat' dir='ltr'>calidis</span> <span class='ocrx_word' id='word_1_87' title='bbox 701 994 845 1036; x_wconf 82' lang='lat' dir='ltr'>adhuc</span> <span class='ocrx_word' id='word_1_88' title='bbox 873 990 1123 1033; x_wconf 83' lang='lat' dir='ltr'>vulneribus</span> <span class='ocrx_word' id='word_1_89' title='bbox 1151 987 1302 1030; x_wconf 85' lang='lat' dir='ltr'>aberat</span> <span class='ocrx_word' id='word_1_90' title='bbox 1330 984 1407 1026; x_wconf 84' lang='lat' dir='ltr'>do-</span> 
     </span>
     <span class='ocr_line' id='line_1_14' title="bbox 50 1057 1405 1130; baseline -0.016 -10"><span class='ocrx_word' id='word_1_91' title='bbox 50 1079 130 1129; x_wconf 81' lang='lat' dir='ltr'>lor,</span> <span class='ocrx_word' id='word_1_92' title='bbox 162 1074 307 1119; x_wconf 87' lang='lat' dir='ltr'>trunci</span> <span class='ocrx_word' id='word_1_93' title='bbox 349 1086 528 1130; x_wconf 88' lang='lat' dir='ltr'>quoque</span> <span class='ocrx_word' id='word_1_94' title='bbox 569 1075 614 1110; x_wconf 88' lang='lat' dir='ltr'>et</span> <span class='ocrx_word' id='word_1_95' title='bbox 648 1066 810 1109; x_wconf 81' lang='lat' dir='ltr'>debiles</span> <span class='ocrx_word' id='word_1_96' title='bbox 850 1077 973 1106; x_wconf 81' lang='lat' dir='ltr'>arma</span> <span class='ocrx_word' id='word_1_97' title='bbox 1003 1076 1097 1104; x_wconf 88' lang='lat' dir='ltr'>non</span> <span class='ocrx_word' id='word_1_98' title='bbox 1128 1057 1405 1107; x_wconf 85' lang='lat' dir='ltr'>omittebant,</span> 
     </span>
     <span class='ocr_line' id='line_1_15' title="bbox 31 1130 1409 1199; baseline -0.017 -6"><span class='ocrx_word' id='word_1_99' title='bbox 31 1151 196 1193; x_wconf 82' lang='lat' dir='ltr'>&#39;donec</span> <span class='ocrx_word' id='word_1_100' title='bbox 221 1146 362 1189; x_wconf 89' lang='lat' dir='ltr'>multo</span> <span class='ocrx_word' id='word_1_101' title='bbox 392 1142 599 1199; x_wconf 87' lang='lat' dir='ltr'>sanguine</span> <span class='ocrx_word' id='word_1_102' title='bbox 619 1138 773 1186; x_wconf 80' lang='lat' dir='ltr'>effuso,</span> <span class='ocrx_word' id='word_1_103' title='bbox 800 1134 1032 1179; x_wconf 84' lang='lat' dir='ltr'>exanimati</span> <span class='ocrx_word' id='word_1_104' title='bbox 1049 1130 1409 1191; x_wconf 79' lang='lat' dir='ltr'>procumberent.</span> 
     </span>
     <span class='ocr_line' id='line_1_16' title="bbox 21 1201 1412 1269; baseline -0.016 -5"><span class='ocrx_word' id='word_1_105' title='bbox 21 1237 39 1265; x_wconf 80' lang='lat' dir='ltr'>s</span> <span class='ocrx_word' id='word_1_106' title='bbox 138 1219 320 1262; x_wconf 78' lang='lat' dir='ltr'>Interim</span> <span class='ocrx_word' id='word_1_107' title='bbox 345 1217 511 1264; x_wconf 83' lang='lat' dir='ltr'>Aretes,</span> <span class='ocrx_word' id='word_1_108' title='bbox 548 1211 829 1269; x_wconf 81' lang='lat' dir='ltr'>Scytharum,</span> <span class='ocrx_word' id='word_1_109' title='bbox 859 1208 933 1265; x_wconf 87' lang='lat' dir='ltr'>qui</span> <span class='ocrx_word' id='word_1_110' title='bbox 963 1205 1279 1263; x_wconf 87' lang='lat' dir='ltr'>impedimenta</span> <span class='ocrx_word' id='word_1_111' title='bbox 1312 1201 1412 1244; x_wconf 84' lang='lat' dir='ltr'>diri-</span> 
     </span>
     <span class='ocr_line' id='line_1_17' title="bbox 55 1275 1417 1352; baseline -0.017 -15"><span class='ocrx_word' id='word_1_112' title='bbox 55 1295 246 1352; x_wconf 86' lang='lat' dir='ltr'>piebant,</span> <span class='ocrx_word' id='word_1_113' title='bbox 277 1289 389 1331; x_wconf 87' lang='lat' dir='ltr'>duce</span> <span class='ocrx_word' id='word_1_114' title='bbox 419 1285 585 1332; x_wconf 84' lang='lat' dir='ltr'>occiso,</span> <span class='ocrx_word' id='word_1_115' title='bbox 611 1282 780 1340; x_wconf 85' lang='lat' dir='ltr'>gravius</span> <span class='ocrx_word' id='word_1_116' title='bbox 807 1279 970 1322; x_wconf 84' lang='lat' dir='ltr'>territis</span> <span class='ocrx_word' id='word_1_117' title='bbox 997 1277 1201 1319; x_wconf 85' lang='lat' dir='ltr'>instabat.</span> <span class='ocrx_word' id='word_1_118' title='bbox 1255 1275 1417 1331; x_wconf 87' lang='lat' dir='ltr'>Super-</span> 
     </span>
     <span class='ocr_line' id='line_1_18' title="bbox 34 1351 1418 1409; baseline -0.016 0"><span class='ocrx_word' id='word_1_119' title='bbox 34 1379 215 1409; x_wconf 57' lang='lat' dir='ltr'>1venere</span> <span class='ocrx_word' id='word_1_120' title='bbox 241 1359 399 1404; x_wconf 89' lang='lat' dir='ltr'>deinde</span> <span class='ocrx_word' id='word_1_121' title='bbox 424 1373 447 1399; x_wconf 91' lang='lat' dir='ltr'>a</span> <span class='ocrx_word' id='word_1_122' title='bbox 474 1358 622 1399; x_wconf 90' lang='lat' dir='ltr'>Dareo</span> <span class='ocrx_word' id='word_1_123' title='bbox 640 1357 661 1379; x_wconf 83' lang='lat'>²</span> <span class='ocrx_word' id='word_1_124' title='bbox 692 1351 929 1400; x_wconf 85' lang='lat' dir='ltr'>Bactriani,</span> <span class='ocrx_word' id='word_1_125' title='bbox 955 1364 1216 1407; x_wconf 80' lang='lat' dir='ltr'>pugnaeque</span> <span class='ocrx_word' id='word_1_126' title='bbox 1246 1354 1418 1389; x_wconf 81' lang='lat' dir='ltr'>vertere</span> 
     </span>
     <span class='ocr_line' id='line_1_19' title="bbox 61 1420 1421 1483; baseline -0.016 -2"><span class='ocrx_word' id='word_1_127' title='bbox 61 1440 301 1480; x_wconf 81' lang='lat' dir='ltr'>fortunam.</span> <span class='ocrx_word' id='word_1_128' title='bbox 386 1429 519 1474; x_wconf 74' lang='lat' dir='ltr'>Multi</span> <span class='ocrx_word' id='word_1_129' title='bbox 570 1440 674 1483; x_wconf 84' lang='lat' dir='ltr'>ergo</span> <span class='ocrx_word' id='word_1_130' title='bbox 721 1424 1023 1467; x_wconf 87' lang='lat' dir='ltr'>Macedonum</span> <span class='ocrx_word' id='word_1_131' title='bbox 1060 1421 1205 1477; x_wconf 88' lang='lat' dir='ltr'>primo</span> <span class='ocrx_word' id='word_1_132' title='bbox 1250 1420 1421 1476; x_wconf 89' lang='lat' dir='ltr'>impetu</span> 
     </span>
     <span class='ocr_line' id='line_1_20' title="bbox 24 1492 1421 1560; baseline -0.016 -7"><span class='ocrx_word' id='word_1_133' title='bbox 24 1508 210 1559; x_wconf 86' lang='lat' dir='ltr'>9obtriti</span> <span class='ocrx_word' id='word_1_134' title='bbox 241 1513 356 1554; x_wconf 89' lang='lat' dir='ltr'>sunt,</span> <span class='ocrx_word' id='word_1_135' title='bbox 382 1502 530 1560; x_wconf 84' lang='lat' dir='ltr'>plures</span> <span class='ocrx_word' id='word_1_136' title='bbox 560 1499 616 1540; x_wconf 89' lang='lat' dir='ltr'>ad</span> <span class='ocrx_word' id='word_1_137' title='bbox 647 1495 947 1538; x_wconf 83' lang='lat' dir='ltr'>Alexandrum</span> <span class='ocrx_word' id='word_1_138' title='bbox 971 1492 1239 1551; x_wconf 84' lang='lat' dir='ltr'>refugerunt.</span> <span class='ocrx_word' id='word_1_139' title='bbox 1299 1492 1421 1533; x_wconf 89' lang='lat' dir='ltr'>Tum</span> 
     </span>
     <span class='ocr_line' id='line_1_21' title="bbox 61 1563 1423 1630; baseline -0.015 -5"><span class='ocrx_word' id='word_1_140' title='bbox 61 1584 233 1630; x_wconf 87' lang='lat' dir='ltr'>Persae,</span> <span class='ocrx_word' id='word_1_141' title='bbox 262 1578 455 1620; x_wconf 87' lang='lat' dir='ltr'>clamore</span> <span class='ocrx_word' id='word_1_142' title='bbox 480 1571 667 1617; x_wconf 78' lang='lat' dir='ltr'>sublato,</span> <span class='ocrx_word' id='word_1_143' title='bbox 699 1567 875 1626; x_wconf 87' lang='lat' dir='ltr'>qualem</span> <span class='ocrx_word' id='word_1_144' title='bbox 901 1566 1089 1609; x_wconf 83' lang='lat' dir='ltr'>victores</span> <span class='ocrx_word' id='word_1_145' title='bbox 1119 1564 1260 1607; x_wconf 84' lang='lat' dir='ltr'>solent</span> <span class='ocrx_word' id='word_1_146' title='bbox 1281 1563 1423 1614; x_wconf 90' lang='lat' dir='ltr'>edere,</span> 
     </span>
     <span class='ocr_line' id='line_1_22' title="bbox 63 1636 1426 1698; baseline -0.016 -2"><span class='ocrx_word' id='word_1_147' title='bbox 63 1651 273 1696; x_wconf 84' lang='lat' dir='ltr'>ferociter</span> <span class='ocrx_word' id='word_1_148' title='bbox 310 1649 358 1690; x_wconf 91' lang='lat' dir='ltr'>in</span> <span class='ocrx_word' id='word_1_149' title='bbox 394 1646 587 1691; x_wconf 84' lang='lat' dir='ltr'>hostem,</span> <span class='ocrx_word' id='word_1_150' title='bbox 614 1640 733 1698; x_wconf 88' lang='lat' dir='ltr'>quasi</span> <span class='ocrx_word' id='word_1_151' title='bbox 763 1639 926 1696; x_wconf 88' lang='lat' dir='ltr'>ubique</span> <span class='ocrx_word' id='word_1_152' title='bbox 955 1637 1252 1695; x_wconf 87' lang='lat' dir='ltr'>profligatum,</span> <span class='ocrx_word' id='word_1_153' title='bbox 1281 1636 1426 1678; x_wconf 86' lang='lat' dir='ltr'>incur-</span> 
     </span>
     <span class='ocr_line' id='line_1_23' title="bbox 65 1708 1429 1767; baseline -0.015 0"><span class='ocrx_word' id='word_1_154' title='bbox 65 1722 264 1767; x_wconf 74' lang='lat' dir='ltr'>rerunt³</span> <span class='ocrx_word' id='word_1_155' title='bbox 324 1717 572 1761; x_wconf 83' lang='lat' dir='ltr'>Alexander</span> <span class='ocrx_word' id='word_1_156' title='bbox 600 1713 776 1755; x_wconf 76' lang='lat' dir='ltr'>territos</span> <span class='ocrx_word' id='word_1_157' title='bbox 793 1710 1014 1767; x_wconf 84' lang='lat' dir='ltr'>castigare,</span> <span class='ocrx_word' id='word_1_158' title='bbox 1041 1708 1282 1756; x_wconf 84' lang='lat' dir='ltr'>adhortari,</span> <span class='ocrx_word' id='word_1_159' title='bbox 1302 1722 1429 1763; x_wconf 87' lang='lat' dir='ltr'>proe-</span> 
     </span>
     <span class='ocr_line' id='line_1_24' title="bbox 67 1777 1431 1852; baseline -0.012 -16"><span class='ocrx_word' id='word_1_160' title='bbox 67 1798 187 1847; x_wconf 69' lang='lat' dir='ltr'>lium,</span> <span class='ocrx_word' id='word_1_161' title='bbox 218 1791 339 1852; x_wconf 89' lang='lat' dir='ltr'>quod</span> <span class='ocrx_word' id='word_1_162' title='bbox 367 1791 457 1832; x_wconf 86' lang='lat' dir='ltr'>iam</span> <span class='ocrx_word' id='word_1_163' title='bbox 487 1787 749 1843; x_wconf 86' lang='lat' dir='ltr'>elanguerat,</span> <span class='ocrx_word' id='word_1_164' title='bbox 779 1782 894 1824; x_wconf 85' lang='lat' dir='ltr'>solus</span> <span class='ocrx_word' id='word_1_165' title='bbox 911 1781 1168 1832; x_wconf 87' lang='lat' dir='ltr'>accendere,</span> <span class='ocrx_word' id='word_1_166' title='bbox 1198 1777 1431 1824; x_wconf 81' lang='lat' dir='ltr'>confirma·</span> 
     </span>
    </p>
   </div>
   <div class='ocr_carea' id='block_1_3' title="bbox 0 1223 30 2961">
    <p class='ocr_par' dir='ltr' id='par_1_3' title="bbox 0 1223 30 2961">
     <span class='ocr_line' id='line_1_25' title="bbox 0 1223 30 2961; baseline 0 -850"><span class='ocrx_word' id='word_1_167' title='bbox 0 1223 30 2961; x_wconf 95' lang='lat' dir='ltr'>      </span> 
     </span>
    </p>
   </div>
   <div class='ocr_carea' id='block_1_4' title="bbox 20 1853 1496 2488">
    <p class='ocr_par' dir='ltr' id='par_1_4' title="bbox 69 1853 1165 1926">
     <span class='ocr_line' id='line_1_26' title="bbox 69 1853 1165 1926; baseline -0.017 -14"><span class='ocrx_word' id='word_1_168' title='bbox 69 1870 212 1926; x_wconf 85' lang='lat' dir='ltr'>tisque</span> <span class='ocrx_word' id='word_1_169' title='bbox 240 1863 424 1907; x_wconf 81' lang='lat' dir='ltr'>tandem</span> <span class='ocrx_word' id='word_1_170' title='bbox 451 1860 619 1910; x_wconf 89' lang='lat' dir='ltr'>animis,</span> <span class='ocrx_word' id='word_1_171' title='bbox 661 1857 724 1898; x_wconf 88' lang='lat' dir='ltr'>ire</span> <span class='ocrx_word' id='word_1_172' title='bbox 753 1855 799 1896; x_wconf 89' lang='lat' dir='ltr'>in</span> <span class='ocrx_word' id='word_1_173' title='bbox 825 1853 1002 1896; x_wconf 84' lang='lat' dir='ltr'>hostem</span> <span class='ocrx_word' id='word_1_174' title='bbox 1028 1853 1165 1898; x_wconf 83' lang='lat' dir='ltr'>iubet.</span> 
     </span>
    </p>

    <p class='ocr_par' dir='ltr' id='par_1_5' title="bbox 33 1921 1496 2143">
     <span class='ocr_line' id='line_1_27' title="bbox 33 1921 1496 1984; baseline -0.015 1"><span class='ocrx_word' id='word_1_175' title='bbox 33 1959 57 1984; x_wconf 91' lang='lat'><em>0</em></span> <span class='ocrx_word' id='word_1_176' title='bbox 153 1938 314 1982; x_wconf 86' lang='lat' dir='ltr'>Rarior</span> <span class='ocrx_word' id='word_1_177' title='bbox 342 1934 456 1976; x_wconf 87' lang='lat' dir='ltr'>acies</span> <span class='ocrx_word' id='word_1_178' title='bbox 485 1938 582 1974; x_wconf 77' lang='lat' dir='ltr'>erat</span> <span class='ocrx_word' id='word_1_179' title='bbox 607 1931 654 1972; x_wconf 88' lang='lat' dir='ltr'>in</span> <span class='ocrx_word' id='word_1_180' title='bbox 679 1927 833 1970; x_wconf 83' lang='lat' dir='ltr'>dextro</span> <span class='ocrx_word' id='word_1_181' title='bbox 863 1940 1006 1968; x_wconf 87' lang='lat' dir='ltr'>cornu</span> <span class='ocrx_word' id='word_1_182' title='bbox 1032 1926 1279 1974; x_wconf 86' lang='lat' dir='ltr'>Persarum,</span> <span class='ocrx_word' id='word_1_183' title='bbox 1309 1937 1432 1964; x_wconf 89' lang='lat' dir='ltr'>nam·</span> <span class='ocrx_word' id='word_1_184' title='bbox 1444 1921 1496 1964; x_wconf 81' lang='lat'>58</span> 
     </span>
     <span class='ocr_line' id='line_1_28' title="bbox 76 1994 1439 2071; baseline -0.014 -16"><span class='ocrx_word' id='word_1_185' title='bbox 76 2027 160 2071; x_wconf 90' lang='lat' dir='ltr'>que</span> <span class='ocrx_word' id='word_1_186' title='bbox 189 2009 292 2051; x_wconf 91' lang='lat' dir='ltr'>inde</span> <span class='ocrx_word' id='word_1_187' title='bbox 327 2004 551 2050; x_wconf 84' lang='lat' dir='ltr'>Bactriani</span> <span class='ocrx_word' id='word_1_188' title='bbox 593 2001 914 2045; x_wconf 73' lang='lat' dir='ltr'>discesserant‘·</span> <span class='ocrx_word' id='word_1_189' title='bbox 955 1998 1011 2039; x_wconf 88' lang='lat' dir='ltr'>ad</span> <span class='ocrx_word' id='word_1_190' title='bbox 1037 1996 1329 2055; x_wconf 88' lang='lat' dir='ltr'>opprimenda</span> <span class='ocrx_word' id='word_1_191' title='bbox 1358 1994 1439 2036; x_wconf 85' lang='lat' dir='ltr'>im-</span> 
     </span>
     <span class='ocr_line' id='line_1_29' title="bbox 76 2066 1439 2143; baseline -0.014 -17"><span class='ocrx_word' id='word_1_192' title='bbox 76 2084 345 2143; x_wconf 86' lang='lat' dir='ltr'>pedimenta.</span> <span class='ocrx_word' id='word_1_193' title='bbox 411 2079 564 2134; x_wconf 86' lang='lat' dir='ltr'>Itaque</span> <span class='ocrx_word' id='word_1_194' title='bbox 597 2071 842 2116; x_wconf 84' lang='lat' dir='ltr'>Alexander</span> <span class='ocrx_word' id='word_1_195' title='bbox 869 2070 1032 2111; x_wconf 85' lang='lat' dir='ltr'>laxatos</span> <span class='ocrx_word' id='word_1_196' title='bbox 1059 2068 1237 2110; x_wconf 88' lang='lat' dir='ltr'>ordines</span> <span class='ocrx_word' id='word_1_197' title='bbox 1263 2066 1439 2116; x_wconf 86' lang='lat' dir='ltr'>invadit,</span> 
     </span>
    </p>

    <p class='ocr_par' dir='ltr' id='par_1_6' title="bbox 20 2139 1446 2351">
     <span class='ocr_line' id='line_1_30' title="bbox 20 2139 1441 2202; baseline -0.015 -1"><span class='ocrx_word' id='word_1_198' title='bbox 20 2177 64 2202; x_wconf 89' lang='lat'>21</span> <span class='ocrx_word' id='word_1_199' title='bbox 82 2165 126 2200; x_wconf 85' lang='lat' dir='ltr'>et</span> <span class='ocrx_word' id='word_1_200' title='bbox 152 2154 292 2197; x_wconf 85' lang='lat' dir='ltr'>multa</span> <span class='ocrx_word' id='word_1_201' title='bbox 334 2151 468 2194; x_wconf 90' lang='lat' dir='ltr'>caede</span> <span class='ocrx_word' id='word_1_202' title='bbox 503 2146 698 2190; x_wconf 85' lang='lat' dir='ltr'>hostium</span> <span class='ocrx_word' id='word_1_203' title='bbox 735 2141 966 2185; x_wconf 82' lang='lat' dir='ltr'>invehitur.</span> <span class='ocrx_word' id='word_1_204' title='bbox 1053 2141 1113 2182; x_wconf 89' lang='lat' dir='ltr'>At</span> <span class='ocrx_word' id='word_1_205' title='bbox 1138 2139 1213 2196; x_wconf 86' lang='lat' dir='ltr'>qui</span> <span class='ocrx_word' id='word_1_206' title='bbox 1244 2140 1289 2181; x_wconf 87' lang='lat' dir='ltr'>in</span> <span class='ocrx_word' id='word_1_207' title='bbox 1317 2140 1441 2180; x_wconf 75' lang='lat' dir='ltr'>laevo</span> 
     </span>
     <span class='ocr_line' id='line_1_31' title="bbox 80 2211 1442 2273; baseline -0.016 -1"><span class='ocrx_word' id='word_1_208' title='bbox 80 2243 220 2272; x_wconf 89' lang='lat' dir='ltr'>cornu</span> <span class='ocrx_word' id='word_1_209' title='bbox 259 2231 386 2267; x_wconf 87' lang='lat' dir='ltr'>erant</span> <span class='ocrx_word' id='word_1_210' title='bbox 425 2223 602 2269; x_wconf 80' lang='lat' dir='ltr'>Persae,</span> <span class='ocrx_word' id='word_1_211' title='bbox 640 2231 717 2273; x_wconf 87' lang='lat' dir='ltr'>spe</span> <span class='ocrx_word' id='word_1_212' title='bbox 751 2229 879 2271; x_wconf 87' lang='lat' dir='ltr'>posse</span> <span class='ocrx_word' id='word_1_213' title='bbox 916 2228 1016 2253; x_wconf 83' lang='lat' dir='ltr'>eum</span> <span class='ocrx_word' id='word_1_214' title='bbox 1059 2211 1246 2260; x_wconf 90' lang='lat' dir='ltr'>includi,</span> <span class='ocrx_word' id='word_1_215' title='bbox 1285 2225 1442 2267; x_wconf 86' lang='lat' dir='ltr'>agmen</span> 
     </span>
     <span class='ocr_line' id='line_1_32' title="bbox 80 2283 1446 2351; baseline -0.017 -7"><span class='ocrx_word' id='word_1_216' title='bbox 80 2315 210 2344; x_wconf 88' lang='lat' dir='ltr'>suum</span> <span class='ocrx_word' id='word_1_217' title='bbox 240 2313 265 2340; x_wconf 91' lang='lat' dir='ltr'>a</span> <span class='ocrx_word' id='word_1_218' title='bbox 294 2305 417 2351; x_wconf 83' lang='lat' dir='ltr'>tergo</span> <span class='ocrx_word' id='word_1_219' title='bbox 452 2289 701 2333; x_wconf 76' lang='lat' dir='ltr'>dimicantis</span> <span class='ocrx_word' id='word_1_220' title='bbox 726 2293 980 2343; x_wconf 86' lang='lat' dir='ltr'>opponunt:</span> <span class='ocrx_word' id='word_1_221' title='bbox 1014 2284 1253 2341; x_wconf 84' lang='lat' dir='ltr'>ingensque</span> <span class='ocrx_word' id='word_1_222' title='bbox 1276 2283 1446 2340; x_wconf 82' lang='lat' dir='ltr'>pericu-</span> 
     </span>
    </p>

    <p class='ocr_par' dir='ltr' id='par_1_7' title="bbox 24 2353 1445 2415">
     <span class='ocr_line' id='line_1_33' title="bbox 24 2353 1445 2415; baseline -0.015 1"><span class='ocrx_word' id='word_1_223' title='bbox 24 2383 36 2388; x_wconf 82' lang='grc'><em>’</em></span> <span class='ocrx_word' id='word_1_224' title='bbox 82 2374 175 2415; x_wconf 89' lang='lat' dir='ltr'>lum</span> <span class='ocrx_word' id='word_1_225' title='bbox 201 2371 248 2412; x_wconf 86' lang='lat' dir='ltr'>in</span> <span class='ocrx_word' id='word_1_226' title='bbox 274 2367 422 2411; x_wconf 88' lang='lat' dir='ltr'>medio</span> <span class='ocrx_word' id='word_1_227' title='bbox 462 2364 648 2405; x_wconf 86' lang='lat' dir='ltr'>haerens</span> <span class='ocrx_word' id='word_1_228' title='bbox 686 2360 859 2406; x_wconf 90' lang='lat' dir='ltr'>adisset,</span> <span class='ocrx_word' id='word_1_229' title='bbox 887 2357 931 2398; x_wconf 89' lang='lat' dir='ltr'>ni</span> <span class='ocrx_word' id='word_1_230' title='bbox 963 2357 1130 2414; x_wconf 86' lang='lat' dir='ltr'>equites</span> <span class='ocrx_word' id='word_1_231' title='bbox 1153 2355 1331 2414; x_wconf 88' lang='lat' dir='ltr'>Agriani</span> <span class='ocrx_word' id='word_1_232' title='bbox 1363 2353 1445 2396; x_wconf 85' lang='lat' dir='ltr'>cal-</span> 
     </span>
    </p>

    <p class='ocr_par' dir='ltr' id='par_1_8' title="bbox 87 2424 1449 2488">
     <span class='ocr_line' id='line_1_34' title="bbox 87 2424 1449 2488; baseline -0.017 -1"><span class='ocrx_word' id='word_1_233' title='bbox 87 2444 261 2488; x_wconf 89' lang='lat' dir='ltr'>caribus</span> <span class='ocrx_word' id='word_1_234' title='bbox 300 2438 484 2484; x_wconf 80' lang='lat' dir='ltr'>subditis</span> <span class='ocrx_word' id='word_1_235' title='bbox 518 2433 807 2479; x_wconf 62' lang='lat' dir='ltr'>cirbumfusos</span> <span class='ocrx_word' id='word_1_236' title='bbox 843 2430 932 2486; x_wconf 75' lang='lat' dir='ltr'>regi</span> <span class='ocrx_word' id='word_1_237' title='bbox 966 2429 1178 2472; x_wconf 86' lang='lat' dir='ltr'>barbaros</span> <span class='ocrx_word' id='word_1_238' title='bbox 1217 2424 1360 2469; x_wconf 85' lang='lat' dir='ltr'>adorti</span> <span class='ocrx_word' id='word_1_239' title='bbox 1387 2439 1449 2466; x_wconf 72' lang='lat' dir='ltr'>es-</span> 
     </span>
    </p>
   </div>
   <div class='ocr_carea' id='block_1_5' title="bbox 89 2549 352 2559">
    <p class='ocr_par' dir='ltr' id='par_1_9' title="bbox 89 2549 352 2559">
     <span class='ocr_line' id='line_1_35' title="bbox 89 2549 352 2559; baseline 0 402"><span class='ocrx_word' id='word_1_240' title='bbox 89 2549 352 2559; x_wconf 95' lang='lat' dir='ltr'> </span> 
     </span>
    </p>
   </div>
   <div class='ocr_carea' id='block_1_6' title="bbox 87 2585 1448 2647">
    <p class='ocr_par' dir='ltr' id='par_1_10' title="bbox 87 2585 1448 2647">
     <span class='ocr_line' id='line_1_36' title="bbox 87 2585 1448 2647; baseline -0.015 -11"><span class='ocrx_word' id='word_1_241' title='bbox 87 2603 109 2631; x_wconf 68' lang='grc' dir='ltr'>ἔ</span> <span class='ocrx_word' id='word_1_242' title='bbox 139 2600 241 2647; x_wconf 72' lang='lat' dir='ltr'>equi.</span> <span class='ocrx_word' id='word_1_243' title='bbox 333 2597 354 2624; x_wconf 86' lang='lat'><strong>2</strong></span> <span class='ocrx_word' id='word_1_244' title='bbox 376 2596 522 2632; x_wconf 81' lang='lat' dir='ltr'>missi</span> <span class='ocrx_word' id='word_1_245' title='bbox 546 2605 570 2629; x_wconf 80' lang='lat' dir='ltr'>a</span> <span class='ocrx_word' id='word_1_246' title='bbox 594 2593 729 2630; x_wconf 73' lang='lat' dir='ltr'>Dario.</span> <span class='ocrx_word' id='word_1_247' title='bbox 816 2589 836 2620; x_wconf 88' lang='grc'><strong><em>3</em></strong></span> <span class='ocrx_word' id='word_1_248' title='bbox 866 2590 1079 2623; x_wconf 80' lang='lat' dir='ltr'>incurrunt.</span> <span class='ocrx_word' id='word_1_249' title='bbox 1161 2586 1184 2618; x_wconf 85' lang='lat'>4</span> <span class='ocrx_word' id='word_1_250' title='bbox 1201 2585 1448 2620; x_wconf 74' lang='lat' dir='ltr'>decesserant.</span> 
     </span>
    </p>
   </div>
  </div>
 </body>
</html>
