1703 2961
437 123 518 166 DE
554 121 762 165 GESTIS
800 121 966 164 ALEX.
996 123 1068 170 Ill,
1100 121 1164 165 24.
1421 123 1475 169 27

69 252 112 275 12
127 240 246 276 retur
295 235 515 286 timuerat,
551 234 776 293 praestitit.
848 233 1045 291 Triginta
1079 243 1122 277 et
1163 236 1250 277 duo
1287 242 1476 278 armato-

123 322 221 348 rum
261 309 435 351 ordines
464 310 605 358 ibant3
644 323 784 363 neque,
820 307 937 348 enim
972 307 1098 348 latius
1135 309 1307 352 extendi
1336 309 1476 350 aciem

121 380 402 436 patiebantur
440 380 673 436 angustiae.
740 379 952 420 Paulatim
1003 379 1159 420 deinde
1198 381 1338 422 laxare
1385 396 1429 422 se
1456 386 1472 406 ¹

122 452 240 494 sinus
278 454 510 501 montium,
550 460 593 493 et
631 451 772 492 maius
803 452 992 507 spatium
1028 451 1194 508 aperire
1226 460 1477 509 coeperant,

127 524 183 566 ita
224 535 273 567 ut
308 541 398 567 non
433 525 566 582 pedes
605 524 748 565 solum
783 524 977 580 pluribus
1008 523 1234 565 ordinibus
1261 525 1479 573 incedere,

125 597 199 638 sed
231 599 364 639 etiam
393 597 598 638 lateribus
619 599 637 621 ²
673 595 966 638 circumfundi
996 605 1143 652 posset
1174 597 1402 652 equitatus.

79 681 116 710 x.
206 670 297 710 Iam
337 670 381 710 in
418 676 670 726 conspectu,
708 669 782 709 sed
820 676 936 709 extra
986 668 1057 708 teli
1100 668 1265 710 iactum
1293 668 1539 725 utraque25

122 740 238 782 acies
262 749 367 791 erat,
406 757 508 783 cum
548 741 714 797 priores
743 741 898 781 Persae
929 739 1207 782 inconditum
1237 748 1279 782 et
1306 747 1480 782 trucem

73 827 93 849 2
127 813 336 855 sustulere
362 814 617 855 clamorem.
668 813 884 854 Redditur
909 820 952 854 et
979 827 1002 853 a
1036 811 1366 861 Macedonibus,
1391 826 1481 852 ma-

124 884 192 925 ior
227 886 438 927 exercitus
476 900 677 933 numero,
719 886 859 942 iugis³
905 883 1128 925 montium
1156 884 1373 940 vastisque
1403 883 1480 924 sal-

124 956 239 998 tibus
296 972 589 1014 repercussus:
648 958 810 1014 quippe
869 970 1042 1012 semper
1088 955 1371 998 circumiecta
1409 970 1484 996 ne-

122 1043 248 1069 mora
295 1037 556 1086 petraeque,
613 1036 1001 1086 quantamcunque
1055 1042 1267 1084 aecepere
1309 1041 1481 1076 vocem,

79 1115 95 1142 3
129 1100 418 1156 multiplicato
462 1117 571 1142 sono
621 1101 828 1142 referunt.
915 1100 1162 1142 Alexander
1200 1105 1301 1140 ante
1338 1098 1482 1155 prima

16 1158 19 1165 .
124 1171 241 1227 signa
261 1172 366 1222 ibat,
398 1173 637 1215 identidem
657 1189 792 1214 manu
824 1188 923 1214 suos
951 1172 1164 1223 inhibens,
1193 1187 1250 1213 ne
1274 1170 1482 1227 suspensi,

125 1244 267 1286 aerius
299 1245 356 1286 ob
393 1245 578 1286 nimiam
607 1245 936 1286 festinationem
966 1245 1190 1286 concitato
1220 1243 1386 1301 spiritu,
1416 1257 1485 1284 ca·

74 1336 98 1359 4
127 1324 350 1372 pesserent
378 1318 593 1373 proelium
615 1321 651 1359 4.
715 1317 920 1374 Cumque
958 1317 1118 1373 agmini
1149 1317 1162 1343 ⁵
1194 1315 1483 1372 obequitaret,

122 1389 241 1429 varia
271 1389 484 1438 oratione,
513 1397 562 1430 ut
596 1389 803 1446 cuiusque
834 1389 988 1430 animis
1017 1396 1170 1446 aptum
1204 1395 1309 1438 erat,
1327 1387 1484 1428 milites

124 1460 443 1517 alloquebatur.
530 1462 818 1511 Macedones,
856 1468 923 1502 tot
957 1461 1173 1502 bellorum
1218 1460 1263 1501 in
1300 1461 1483 1516 Europa

124 1532 324 1582 victores,
353 1533 407 1573 ad
443 1533 729 1589 subigendam
757 1533 906 1574 Asiam
937 1541 1066 1589 atque
1094 1532 1246 1572 ultima
1274 1532 1484 1581 Orientis,

125 1619 217 1644 non
247 1603 379 1659 ipsius
409 1605 554 1659 magis,
590 1619 723 1660 quam
757 1618 835 1644 suo
879 1604 1012 1645 ductu
1045 1604 1248 1660 profecti,
1274 1605 1485 1646 invetera-

78 1695 93 1720 5
125 1682 194 1715 tae
221 1675 389 1716 virtutis
429 1676 795 1716 admonebantur.
856 1675 954 1717 lllos
983 1683 1201 1717 terrarum
1235 1677 1353 1718 orbis
1381 1676 1484 1717 libe-

125 1755 313 1796 ratores,
358 1762 644 1804 emensosque
691 1748 795 1788 olim
844 1748 1046 1790 Herculis
1083 1755 1126 1789 et
1165 1748 1311 1789 Liberi
1349 1748 1486 1804 patris

123 1820 348 1868 terminos,
387 1835 478 1860 non
516 1820 655 1861 Persis
689 1820 841 1868 modo,
880 1820 956 1861 sed
987 1820 1122 1862 etiam
1152 1819 1356 1861 omnibus
1386 1835 1486 1877 gen-

125 1893 242 1933 tibus
286 1891 568 1948 imposituros
623 1891 790 1948 iugum:
847 1892 1148 1934 Macedonum
1194 1892 1440 1948 provin'cias
1463 1895 1485 1919 ⁶

126 1966 288 2006 Bactra
326 1972 369 2005 et
402 1964 537 2005 Indos
572 1964 682 2005 sore.
767 1963 955 2005 Minima
994 1980 1096 2012 esse,
1141 1980 1252 2021 quae
1281 1980 1400 2007 nunc
1424 1965 1487 2007 in-

79 2050 99 2076 σ
130 2043 378 2085 tuerentur;
430 2035 506 2076 sed
549 2037 698 2077 omnia
737 2036 916 2078 victoria
963 2036 1168 2092 aperiri.⁷
1200 2040 1203 2041 ⁷
1250 2037 1355 2078 Non
1391 2037 1441 2078 'in
1465 2037 1482 2063 ³

126 2108 374 2166 praeruptis
400 2108 534 2165 petris
564 2108 811 2166 Illyriorum
841 2117 884 2149 et
915 2108 1130 2149 Thraciae
1159 2108 1268 2150 saxis
1296 2109 1487 2150 sterilem

127 2182 325 2223 laborem
366 2180 478 2230 fore,
515 2180 651 2237 spolia
688 2181 823 2222 totius
852 2170 1048 2222 Orientis
1077 2179 1242 2221 offerri.
1297 2181 1377 2222 Vix
1401 2181 1487 2238 gla-

128 2254 201 2294 dio
235 2252 432 2294 futurum
471 2268 591 2309 opus,
633 2258 777 2294 totam
809 2252 948 2294 aciem
979 2269 1057 2295 suo
1087 2267 1250 2309 pavore
1275 2252 1487 2295 fluctuan-

80 2345 96 2370 7
131 2333 222 2367 tem
253 2325 520 2366 umbonibus
548 2339 674 2382 posse
703 2324 901 2382 propelli.
963 2325 1117 2368 Victor
1145 2326 1202 2368 ad
1229 2324 1339 2368 haee
1356 2323 1490 2367 Athe-

131 2461 149 2485 1
176 2472 213 2495 se
237 2462 375 2495 laxare.
484 2461 504 2486 2
530 2462 645 2496 etiam
668 2473 690 2495 a
712 2461 907 2495 lateribus.
1013 2461 1033 2492 3
1062 2463 1247 2496 exereitus
1270 2463 1392 2508 impar
1419 2475 1484 2496 nu-

220 2527 337 2550 mero,
360 2516 428 2549 sed
454 2517 562 2562 iugis.
610 2518 707 2551 Cum
735 2517 1050 2561 interpunctione
1077 2525 1168 2561 post
1203 2517 1336 2549 maior.

221 2570 244 2599 4
274 2569 432 2605 bellum.
657 2571 676 2598 5
705 2581 854 2615 agmen.
1067 2561 1100 2595 ”6
1123 2570 1341 2616 provincias
1365 2569 1485 2606 ahest.

220 2623 237 2650 7
261 2623 398 2668 parari.
521 2652 524 2656 .
616 2624 634 2652 8
659 2623 701 2657 in
725 2624 846 2658 abest.
