1703 2961
411 155 492 198 DE
534 152 745 200 GESTIS
770 151 938 195 ALEX.
976 152 1032 201 V,
1071 150 1141 196 37.
1394 146 1475 191 149

105 285 191 321 eos,
220 268 292 327 qui
332 267 488 309 lentius
522 267 837 325 sequebantur,
875 264 1129 307 incidebant
1169 262 1366 304 universa
1400 259 1467 302 fu-

39 359 87 383 22
102 341 313 399 gientium
345 339 530 396 agmina.
600 337 683 380 Vix
722 337 926 380 credibile
959 336 1091 385 dictu,
1119 335 1262 390 plures
1293 332 1461 389 captivi,

102 427 233 470 quam
261 412 333 468 qui
363 418 582 466 caperent,
606 418 752 452 erant:
782 409 892 451 adeo
919 423 1101 457 omnem
1131 422 1307 448 sensum
1339 404 1462 446 terri-

97 484 149 526 tis
176 483 354 525 fortuna
394 484 566 538 penitus
603 489 858 531 excusserat,
898 488 948 521 ut
982 496 1064 523 nec
1091 478 1288 520 hostium
1314 476 1459 532 pauci-

92 562 244 606 tatem,
276 571 357 597 nec
387 554 715 596 multitudinem
744 569 868 595 suam
896 553 998 595 satis
1027 557 1270 594 cernerent.

33 643 79 672 23
109 642 111 644 ’
171 627 356 668 Interim
381 627 592 675 iumenta,
623 642 734 684 quae
763 626 961 667 Dareum
987 623 1221 672 vehebant,
1247 620 1366 662 nullo
1384 619 1515 660 re-38

91 706 220 757 gente
257 699 530 741 decesserant
567 698 741 749 militari
778 697 867 746 via,
906 705 950 739 et
990 711 1138 738 errore
1186 693 1328 736 delata
1373 706 1452 748 per

91 777 302 828 quattuor
341 771 493 820 stadia,
533 771 577 812 in
612 771 804 828 quadam
844 769 950 810 valle
991 767 1290 815 constiterant,
1328 772 1450 806 aestu

30 841 304 898 “simulque
338 843 587 884 vulneribus
621 842 811 898 fatigata.
876 841 1006 882 Haud
1035 839 1189 896 procul
1218 844 1312 880 erat
1332 836 1445 886 fons,

89 914 145 955 ad
170 929 302 970 quem
323 922 618 956 monstratum
646 931 668 956 a
697 915 848 970 peritis
864 913 1129 970 Polystratus
1155 909 1345 952 Macedo
1376 907 1444 949 siti

83 994 330 1028 maceratus
357 986 554 1038 accessit;
586 1002 636 1028 ac
668 987 775 1028 dum
805 986 922 1040 galea
947 985 1150 1026 haustam
1167 995 1329 1038 aquam
1355 993 1446 1020 sor-

80 1057 167 1107 bet,
215 1057 300 1098 tela
346 1057 648 1099 iumentorum
686 1057 984 1100 deficientium
1022 1054 1280 1110 corporibus
1315 1050 1443 1093 infixa

24 1147 68 1178 25
83 1129 318 1185 conspexit.
374 1130 647 1188 Miratusque
688 1129 887 1171 confossa
925 1127 1071 1184 potius
1121 1140 1255 1184 quam
1285 1124 1440 1166 abacta

81 1217 183 1253 esse,
212 1200 404 1244 semivivi
439 1201 466 1229 ἢ
484 1200 553 1229 *2*

5 684 10 709 l

6 738 12 788 Ι

7 820 12 859 l

81 1301 265 1347 [ho'minis
291 1302 473 1349 gemitum
497 1301 674 1348 percipit.
718 1302 852 1347 Itaque
877 1310 983 1334 more
1011 1299 1160 1345 ingenii
1185 1297 1347 1331 humani
1375 1306 1437 1329 cu-

78 1363 192 1409 pidus
217 1364 384 1403 visendi,
413 1364 505 1409 quid
531 1363 586 1396 rei
613 1362 794 1396 vehiculo
813 1362 885 1395 isto
904 1361 1146 1403 conderetur,
1175 1359 1329 1393 dimotis
1355 1357 1438 1403 pel-

77 1426 194 1463 libus,
220 1425 357 1472 quibus
388 1425 583 1458 obtectum
601 1431 695 1467 erat,
715 1425 872 1457 Darium
892 1424 1019 1456 multis
1036 1422 1256 1457 vulneribus
1285 1420 1438 1454 confos-

75 1499 160 1520 sum
185 1487 365 1533 repperit.
413 1487 553 1532 Regius
579 1486 683 1519 enim
721 1485 856 1527 cultus,
885 1492 921 1518 et
944 1495 1080 1518 aureae
1106 1490 1276 1524 catenae,
1309 1481 1392 1526 quis
1417 1491 1440 1513 a

74 1547 276 1594 parricidis
302 1548 450 1582 vinctus
484 1546 617 1588 fuerat,
655 1547 934 1580 dubitationem
963 1545 1191 1579 eximebant.
1241 1546 1331 1578 Non
1359 1549 1440 1576 erat

75 1620 208 1654 expers
245 1608 382 1642 Graeci
415 1609 599 1642 sermonis
636 1608 795 1648 Darius-3
827 1607 1040 1653 gratiasque
1078 1606 1214 1652 agebat
1245 1605 1330 1649 diis,
1370 1603 1436 1649 qui

72 1678 161 1718 post
182 1678 289 1704 tanta
315 1671 427 1713 mala,
453 1677 610 1714 tamque
637 1669 774 1714 gravia,
800 1668 877 1702 hoc
903 1676 1035 1701 tamen
1064 1667 1315 1700 indulsissent
1339 1665 1436 1698 sola-

74 1732 133 1771 tii,
159 1743 209 1765 ne
245 1731 407 1765 omni-no
442 1732 485 1764 in
521 1730 730 1764 solitudine
759 1737 969 1762 extremum
1003 1728 1181 1775 spiritum
1206 1726 1436 1760 effunderet.

53 1795 213 1841 JItaque
239 1803 292 1838 te,
316 1793 458 1838 inquit,
484 1793 652 1839 quisquis
671 1804 710 1825 es
734 1791 981 1834 mortalium,
1005 1803 1081 1836 per
1106 1800 1347 1824 communem
1373 1787 1440 1821 Ῐιο-

75 1857 224 1890 minum
252 1864 416 1898 sortem,
450 1868 477 1887 a
516 1867 593 1901 qua
622 1865 690 1886 nec
722 1855 915 1887 maximos
958 1865 1090 1898 regum
1122 1860 1324 1896 exemptos
1357 1861 1438 1884 esse

73 1918 275 1964 praesenti
314 1916 532 1963 spectaculo
567 1916 750 1957 moneris,
784 1927 878 1960 rogo
915 1926 1146 1961 quaesoque,
1181 1921 1227 1946 ut
1258 1913 1352 1946 haec
1386 1909 1440 1945 ad

73 1977 349 2016 Alexandrum
372 1976 562 2012 mandata
587 1989 675 2010 mea
699 1976 906 2023 perferas:
934 1975 1032 2009 nihil
1056 1987 1208 2018 eorum,
1240 1986 1339 2020 quae
1355 1974 1438 2007 lon-

73 2053 120 2088 ge
144 2041 367 2075 tristissima
395 2049 601 2084 perpessus
627 2050 728 2080 sum,
765 2050 814 2071 ne
841 2038 940 2072 hunc
968 2035 1118 2083 quidem
1152 2035 1438 2081 incomparabi-

70 2102 120 2137 lis
132 2103 370 2137 calamitatis
386 2102 551 2144 exitum,
577 2101 635 2133 ita
647 2112 802 2145 gravem
819 2099 914 2133 milii
926 2097 1123 2142 accidisse,
1147 2107 1193 2131 ut
1207 2098 1277 2131 lioc
1298 2109 1434 2140 unum,

0 2190 3 2197 .
52 2177 56 2180 ·
76 2162 178 2211 quod
197 2172 287 2210 post
311 2171 426 2197 tanta
455 2164 496 2195 in
529 2173 591 2195 me
614 2172 792 2206 meosque
816 2163 961 2194 merita
984 2158 1165 2193 adversus
1189 2159 1439 2193 clementissi-

75 2238 178 2260 mum
207 2227 390 2259 victorem
424 2225 580 2257 inimico
615 2219 812 2255 vivendum
833 2219 941 2267 suit,
982 2229 1022 2254 et
1046 2234 1146 2255 nunc
1171 2223 1330 2267 ingrato
1356 2233 1438 2253 mo-

77 2285 255 2320 riendum
288 2294 358 2320 est.
418 2284 496 2319 Sed
522 2287 556 2318 si
589 2296 666 2329 qua
698 2284 933 2328 pro-stremis
955 2285 1188 2316 miserorum
1209 2283 1306 2316 votis
1331 2279 1440 2327 apud

76 2347 167 2382 deos
200 2350 252 2382 vis
277 2356 350 2391 est,
387 2355 427 2380 et
451 2358 535 2379 cum
563 2348 645 2391 ipso
675 2346 822 2390 spiritu
843 2342 1032 2389 profusas
1055 2356 1190 2390 preces
1208 2346 1343 2378 mitius
1367 2343 1437 2377 ali-

76 2407 180 2454 quod
202 2420 342 2441 numen
365 2406 552 2449 exaudit;
582 2407 649 2441 ille
677 2404 830 2452 quidem
853 2415 982 2451 sospes
1004 2415 1044 2438 et
1068 2405 1288 2449 incolumis,
1311 2405 1438 2450 longe-

77 2481 150 2513 que
182 2480 305 2513 supra
337 2470 558 2514 contagium
589 2481 699 2502 meae
727 2469 847 2501 sortis
881 2475 920 2500 ec
947 2466 1131 2500 invidiam
1146 2466 1349 2512 fortunae
1371 2479 1438 2512 po·

74 2531 188 2574 situs,
221 2532 263 2563 in
291 2529 390 2564 solio
425 2531 520 2574 Cyri
549 2530 761 2577 gloriosam
791 2536 964 2562 aetatem
989 2530 1146 2574 exigat:
1171 2540 1339 2574 suaeque
1365 2529 1439 2561 vir-

76 2593 173 2625 tucis
196 2603 362 2635 memor,
383 2603 471 2625 eum
507 2593 631 2625 macri
660 2591 870 2636 liberisque
899 2591 994 2623 meis
1018 2590 1146 2624 locum
1170 2589 1279 2636 apud
1293 2601 1334 2623 se
1361 2600 1440 2622 esse

76 2653 269 2697 patiatur,
291 2665 404 2698 quem
428 2652 490 2688 illi
509 2651 602 2701 fide
634 2661 674 2688 et
699 2652 878 2700 obsequio
903 2653 1134 2687 meruerint.
1183 2650 1242 2688 At
1271 2651 1436 2696 parrici-
