1703 2961
236 139 317 181 256
565 194 568 197 Ι
695 135 751 192 Q.
784 136 990 194 *CURTH
1018 141 1157 185 Ruri

237 250 446 293 exercitus
490 246 863 305 Hephaestionem
921 251 965 294 in
1020 253 1244 310 regionem
1305 255 1602 302 Bactrianam.

234 323 365 371 misit,
396 329 670 364 commeatus
700 322 743 362 in
772 321 963 364 hiemem
997 332 1267 379 paraturum.
1323 327 1470 382 Quam
1499 327 1650 371 Cli-14

234 404 280 437 to
321 402 468 435 autem
509 393 800 435 destinaverat
834 395 1130 450 provinciam,
1180 398 1397 454 Amyn—tae
1446 399 1586 441 dedit:

233 469 322 524 ipse
348 466 544 522 Xenippa
577 466 785 522 pervenit·
815 466 1018 523 Scythiae
1051 466 1233 509 confinis
1260 476 1325 510 est
1349 469 1482 525 regio,
1510 469 1586 512 ha-

232 540 484 593 bitaturque
515 537 710 592 pluribus
732 553 781 579 ac
811 536 1110 594 frequentibus
1137 539 1251 587 vicis,
1279 540 1377 597 quia
1410 541 1585 583 ubertas

231 617 374 650 terrae
415 623 506 648 non
544 608 766 665 indigenas
805 610 941 651 modo
986 611 1165 660 detinet,
1195 612 1270 653 sed
1299 612 1431 653 etiam
1460 613 1601 654 adver

229 697 307 723 nas
339 681 504 721 invitat.
552 681 891 722 Bactrianorum
931 682 1117 731 exulum,
1159 684 1231 740 qui
1263 684 1316 724 ab
1334 683 1645 734 Alexandrou

231 753 494 800 defecerant,
525 753 854 808 receptaculum
883 753 1037 795 fuerat.
1074 755 1160 796 Sed
1182 762 1416 811 postquam
1435 770 1581 812 regem

230 826 465 866 adventare
508 832 787 880 compertum
836 834 909 873 est,
953 826 1062 882 pulsi
1106 827 1158 867 ab
1206 826 1359 868 incolis
1394 840 1424 867 11
1463 828 1580 869 milia

227 898 319 940 fere
354 905 396 939 et
409 897 627 954 quingenti
646 900 658 920 ¹
692 905 1022 952 congregantur.
1070 897 1239 939 Omnes
1259 899 1424 953 equites
1443 907 1578 950 erant,
1598 912 1645 941 16

229 970 362 1011 etiam
392 969 437 1009 in
468 983 577 1024 pace
614 967 848 1010 latrociniis
887 969 1066 1009 assueti:
1092 977 1186 1010 tum
1214 969 1380 1023 ferocia
1411 969 1580 1026 ingenia

224 1057 316 1083 non
348 1041 513 1082 bellum
543 1040 693 1089 modo,
736 1040 810 1080 sed
843 1040 975 1080 etiam
1007 1041 1157 1082 veniae
1195 1040 1439 1096 desperatio
1481 1041 1582 1082 effe-

223 1121 407 1155 raverat.
448 1116 603 1169 Itaque
643 1127 692 1153 ex
734 1111 970 1167 improviso
1004 1112 1145 1152 adorti
1177 1115 1429 1168 Amyntam,
1459 1127 1583 1167 prae-

222 1193 368 1227 torem
397 1183 660 1233 Alexandri,
698 1183 773 1224 diu
810 1199 966 1238 anceps
1002 1184 1217 1238 proelium
1256 1184 1474 1225 fecerant:
1518 1186 1572 1228 ad
1591 1204 1635 1229 ι.-

223 1257 430 1299 ultimum
468 1269 551 1297 Dec
591 1270 772 1296 suorum
811 1255 989 1306 amisfis,
1021 1270 1210 1311 quorum
1237 1268 1308 1295 ccc
1341 1255 1478 1297 hostis
1512 1273 1580 1299 ce-

221 1329 296 1384 pit,
327 1328 487 1369 dedere
527 1334 646 1384 terga
682 1326 932 1374 victoribus,
972 1325 1090 1366 haud
1122 1341 1224 1367 sane
1250 1326 1387 1376 inulti,
1420 1329 1577 1384 quippe

220 1413 330 1441 LXXX
359 1398 659 1440 Macedonum
682 1397 1009 1445 interfecerunt,
1035 1405 1294 1455 praeterque
1326 1414 1399 1439 eos
1431 1412 1518 1439 ccc*
1536 1407 1580 1440 et

220 1485 245 1513 L
275 1471 407 1513 saucii
437 1470 542 1512 facti
572 1476 684 1511 sunt.
725 1468 915 1509 Veniam
945 1475 1095 1510 tamen
1115 1470 1247 1511 etiam
1274 1478 1374 1524 post
1399 1471 1640 1514 alterarum

222 1544 519 1586 defectionem
555 1542 912 1596 impetraverunt.

311 1615 388 1656 His
416 1615 461 1655 in
485 1613 622 1655 fidem
654 1613 854 1667 acceptis,
881 1613 926 1653 in
965 1612 1204 1668 regionem,
1244 1628 1377 1669 quam
1415 1614 1642 1660 Nauta-19

220 1691 307 1730 ca²
340 1685 571 1740 appellant,
601 1699 674 1725 rex
695 1700 796 1726 cum
826 1691 922 1724 toto
954 1686 1142 1725 exercitu
1183 1685 1312 1725 venit.
1372 1685 1574 1740 Satrapes

220 1767 313 1801 erat
351 1756 649 1815 Sysimitlires,
685 1756 856 1796 duobus
897 1771 945 1796 ex
982 1770 1056 1796 sua
1096 1763 1236 1797 matre
1277 1756 1370 1797 [iliis
1399 1758 1575 1812 genitis3

219 1831 377 1888 quippe
407 1829 524 1884 apud
568 1843 641 1869 eos
678 1827 930 1882 parentibus
969 1834 1119 1879 stupro
1151 1827 1269 1889 coire
1300 1844 1402 1869 cum
1430 1829 1574 1870 liberis

216 1904 282 1945 fas
315 1909 391 1943 est.
434 1902 505 1942 Is3
550 1900 727 1941 armatis
764 1898 1056 1954 popularibus,
1086 1899 1232 1941 fauces
1263 1900 1459 1956 regionis,
1488 1917 1570 1958 qua
1585 1921 1634 1944 20

217 1976 264 2017 in
295 1973 560 2015 artissimum
600 1972 789 2028 cogitur,
827 1971 970 2012 valido
1009 1971 1287 2012 munimento
1330 1976 1571 2027 sepserat.⁴

213 2044 560 2088 Praeterfluebat
580 2051 749 2084 torrens
781 2043 941 2091 amnis;
972 2045 1126 2099 tergo⁵
1163 2052 1282 2098 petra
1315 2044 1565 2086 claudebat:

214 2118 331 2160 hanc
373 2132 509 2158 manu
551 2115 746 2171 perviam
788 2114 958 2155 incolae
1004 2114 1217 2155 fecerant.
1294 2116 1381 2158 Sed
1429 2115 1627 2161 aditus21

215 2205 367 2245 specus
394 2187 553 2244 accipit
584 2187 741 2236 lucem,
772 2185 990 2236 interiora,
1020 2186 1100 2227 nisi
1133 2187 1254 2228 illato
1286 2186 1463 2237 lumine,
1495 2186 1571 2228 ob-

214 2276 341 2304 scura
373 2267 483 2302 sunt.
544 2259 784 2314 Perpetuus
812 2257 1039 2299 cuniculus
1072 2262 1153 2299 iter
1183 2259 1366 2314 praebet
1384 2259 1428 2299 in
1451 2274 1570 2300 cam-

214 2349 308 2391 pos,
348 2333 548 2388 ignotum
590 2331 669 2371 nisi
707 2329 928 2386 indigenis.
1005 2331 1066 2370 At
1105 2330 1369 2378 Alexander,
1418 2346 1630 2387 quam-22

216 2420 348 2462 quam
377 2402 594 2459 angustias
628 2401 823 2463 naturali¹
857 2401 942 2442 situ
983 2401 1177 2442 munitas
1216 2401 1391 2442 valida⁶
1433 2417 1570 2443 manu

1473 2474 1570 2515 bar-

216 2549 236 2574 1
262 2548 432 2581 ducenti.
570 2545 591 2570 2
622 2546 685 2580 De
709 2548 943 2579 coniectura.
970 2543 1093 2582 codd,
1120 2545 1266 2588 Nau1a3
1295 2545 1401 2591 vulgo
1428 2546 1566 2580 Naura.

305 2602 323 2630 3
354 2614 380 2633 n
407 2600 573 2633 milibus.
640 2600 663 2632 4
687 2599 750 2634 Ex
773 2599 1068 2634 emendacione:
1093 2605 1300 2644 sepserant,
1349 2600 1369 2627 ⁵
1398 2609 1420 2633 a
1448 2605 1566 2644 tergo.

304 2653 325 2679 ⁶
352 2664 396 2687 ac
420 2653 576 2688 validas.

281 2755 300 2775 0
