1703 2961
196 154 278 194 318
658 148 714 205 Q.
753 148 955 192 CURTH
982 149 1123 192 mm

282 265 375 306 Rex
424 276 514 303 non
563 276 659 312 sua,
703 261 779 304 sed
820 261 1012 303 militum
1059 260 1349 304 sollicitudine
1390 263 1617 312 anxius,19

199 337 405 381 contione
424 334 649 385 advocata,
681 333 827 382 docet,
858 334 1053 376 imbelles
1079 349 1180 385 esse,
1209 349 1319 391 quos
1344 343 1554 378 metuant.

196 409 315 453 Nihil
353 407 510 449 deinde
550 412 727 462 praeter
774 406 852 447 has
897 414 1045 463 gentes
1086 406 1283 456 obstare,
1320 409 1555 463 quominus

196 491 415 525 terrarum
447 478 583 535 spatia
622 477 785 518 emensi
826 477 880 518 ad
920 477 1053 518 finem
1092 477 1220 519 simul
1253 479 1407 521 mundi
1434 480 1554 522 labo-

196 567 385 610 rumque
422 549 691 606 perveniant.
763 548 949 591 Cessisse
989 549 1066 590 illis
1098 550 1395 592 metuentibus
1435 550 1552 593 Gan-
1568 565 1617 588 20

196 643 279 685 gen
316 631 360 666 et
404 620 732 663 multitudinem
770 621 1014 671 nationum,
1068 636 1178 678 quae
1223 622 1335 664 ultra
1378 637 1556 665 amnem

199 704 360 741 essent:
391 692 625 736 declinasse
654 691 737 733 iter
775 708 840 744 eo,
880 693 952 734 ubi
985 707 1066 750 par
1090 693 1238 749 gloria,
1268 695 1414 736 minus
1445 695 1556 750 peri-

198 771 346 813 culum
377 771 500 809 esset.
572 767 668 806 Iam
707 765 958 822 prospicere
991 780 1035 806 se
1069 764 1314 817 Oceanum,
1344 767 1432 808 iam
1462 781 1615 824 per-21

196 843 302 884 flare
329 840 383 880 ad
410 838 525 894 ipsos
555 852 706 878 auram
736 837 889 878 maris:
915 852 970 878 ne
994 835 1240 878 inviderent
1263 837 1342 879 sibi
1363 839 1555 890 laudem,

197 928 332 971 quam
380 915 562 967 peteret.
638 909 838 950 Herculis
885 916 930 950 et
975 908 1121 949 Liberi
1158 908 1298 950 Patris
1343 910 1556 953 terminos

193 984 454 1029 transituros
492 980 596 1030 illos,
638 980 726 1037 regi
769 995 860 1030 suo,
887 978 1296 1036 parvo-impendio,
1329 981 1557 1025 immorta—

193 1059 365 1100 litatem
392 1053 538 1094 famae
571 1053 760 1093 daturos.
824 1052 1085 1093 Paterentur
1119 1067 1163 1094 se
1205 1068 1256 1094 ex
1295 1055 1418 1097 India
1444 1055 1558 1097 redi-

195 1146 254 1182 re,
285 1143 377 1170 non
405 1125 566 1182 fugere.

135 1206 184 1251 17
281 1199 441 1243 Omnis
471 1195 721 1245 multitudo,
762 1202 804 1236 et
839 1195 1028 1236 maxime
1055 1195 1264 1246 militaris,
1292 1197 1446 1239 mobili
1477 1198 1617 1240 im-22

194 1281 301 1332 petu
326 1271 477 1312 fertur.
536 1270 601 1309 lta
628 1267 852 1308 seditionis
888 1283 980 1308 non
1010 1268 1205 1309 remedia
1236 1284 1370 1325 quam
1396 1268 1557 1326 princi—

193 1346 264 1404 pia
290 1343 459 1385 maiora
487 1347 600 1382 sunt.
657 1339 760 1379 Non
787 1338 889 1379 alias
916 1346 1009 1380 tam
1041 1339 1183 1381 alacer
1213 1339 1381 1381 elamor
1401 1342 1456 1382 ab
1489 1357 1614 1384 ex-23

183 1416 335 1459 ,ereitu
375 1421 439 1456 est
475 1410 683 1458 redditus,
721 1410 980 1462 iubentium,
1020 1410 1202 1452 duceret
1229 1410 1309 1452 diis
1339 1414 1555 1463 secundis,
1635 1444 1645 1461 ,

195 1497 489 1546 aequaretque
519 1483 664 1541 gloria,
704 1498 814 1539 quos
844 1484 1149 1526 aemularetur.
1203 1483 1364 1525 Laetus
1392 1485 1458 1527 his
1487 1502 1556 1529 ac-

187 1559 533 1614 clamationibus
564 1557 619 1598 ad
654 1555 801 1597 hostes
839 1556 1040 1613 protinus
1083 1561 1223 1596 castra
1253 1564 1412 1599 movet.
1473 1559 1616 1600 Va-24

192 1633 424 1675 lidissimae
464 1629 681 1671 Indorum
717 1634 866 1684 gentes
905 1635 1042 1679 erant,
1081 1634 1124 1668 et
1163 1627 1328 1670 bellum
1369 1629 1552 1686 impigre

191 1705 426 1763 parabant;
456 1702 703 1757 ducemque
732 1716 781 1740 ex
812 1698 991 1739 natione
1022 1698 1359 1757 Oxydracarum
1387 1709 1554 1758 specta-

188 1786 262 1828 tae
291 1775 460 1817 virtutis
489 1774 719 1830 elegerant,
750 1771 823 1828 qui
854 1771 932 1812 sub
962 1771 1183 1813 radicibus
1213 1773 1378 1814 montis
1410 1782 1550 1815 castra

191 1849 351 1907 posuit,
378 1848 550 1903 lateque
578 1846 709 1901 ignes,
737 1852 786 1885 ut
814 1843 1007 1901 speciem
1037 1844 1330 1886 multitudinis
1362 1853 1550 1902 augeret,

194 1921 408 1975 ostendit,
440 1918 633 1962 clamore
665 1931 840 1973 quoque
869 1931 918 1957 ac
949 1915 1014 1956 sui
1043 1916 1179 1957 moris
1205 1916 1370 1958 ululatu
1401 1917 1552 1959 identi-

194 1995 293 2036 dem
323 1992 649 2050 acquiescentes
679 1988 948 2030 Macedonas
976 1987 1136 2030 frustra
1156 1996 1323 2030 terrere
1354 1977 1550 2033 conatus.

193 2069 284 2108 lam
312 2066 383 2106 lux
410 2062 657 2120 appetebat,
681 2063 700 2085 ²
735 2076 836 2102 cum
877 2076 950 2102 rex
985 2059 1168 2102 fiduciae
1199 2076 1249 2102 ac
1279 2060 1370 2118 spei
1399 2060 1552 2117 plenus
1570 2082 1615 2108 25

193 2140 355 2180 alacres
385 2136 542 2177 milites
574 2149 694 2175 arma
725 2148 894 2190 capere,
939 2139 982 2173 et
1018 2132 1132 2173 exire
1174 2132 1216 2173 in
1247 2133 1388 2174 aciem
1416 2132 1549 2174 iubet.

194 2210 294 2260 Sed,
336 2208 455 2249 haud
495 2206 712 2248 traditur3
756 2213 951 2253 metune,
991 2219 1046 2245 an
1095 2205 1253 2245 oborta
1299 2203 1547 2245 seditione4

193 2283 307 2324 inter
346 2281 483 2336 ipsos,
521 2279 666 2321 subito
705 2277 995 2334 profugerunt
1034 2276 1231 2325 barbari5
1272 2283 1389 2318 certe
1433 2276 1549 2317 avios

193 2362 367 2396 montes
415 2360 459 2393 et
501 2351 734 2407 impeditos
778 2356 1128 2406 occupaverunt:
1164 2363 1353 2404 quorum
1395 2363 1550 2404 agmen
1566 2364 1615 2392 26

193 2443 267 2469 rex
296 2426 455 2467 frustra
484 2430 751 2480 persecutus,
788 2422 1103 2478 impedimenta
1139 2420 1267 2476 cepit.

195 2609 211 2632 1
238 2613 430 2652 aequaret.
577 2603 598 2629 2
623 2603 841 2649 apparebat.
989 2602 1009 2632 3
1037 2601 1176 2635 absunt
1202 2601 1295 2635 haec
1318 2600 1396 2635 duo
1421 2600 1548 2634 verba.

282 2664 303 2693 4
330 2659 521 2693 seditione
547 2659 692 2691 oborta.
