1703 2961
484 142 959 192 PRAEFATIO.
1351 159 1411 190 xv

57 268 120 318 de
154 269 463 332 praestantia
498 266 683 312 horum
729 266 965 313 codicum
1009 275 1161 312 nemo
1207 266 1314 312 fere
1352 268 1415 312 sit

57 337 145 398 qui
179 334 396 390 dubitet,
426 334 752 393 insequentes
788 342 956 377 tamen
989 331 1211 378 editores
1238 347 1416 377 eorum

57 398 366 447 lectionibus
395 408 481 442 aut
513 397 639 442 nihil
685 409 769 442 aut
803 411 985 458 parum
1028 409 1319 442 constanter
1353 396 1414 442 ad

59 463 422 511 restituendam
441 473 605 507 textus
628 464 964 524 integritatem
988 463 1065 506 usi
1087 461 1287 518 fuerint,
1304 464 1416 508 Mo-

59 530 241 577 dianae
296 538 466 580 autem
520 528 837 573 recensionis
896 528 1146 572 rationem
1204 541 1416 588 prorsus

60 592 436 658 ignoraverint?
468 593 598 638 Nam
628 591 766 653 quod
798 592 1034 654 plerique
1055 604 1232 638 omnes
1255 591 1419 637 Modii

59 658 320 721 ingenium
362 657 590 714 laudant,
643 656 796 703 fidem
850 655 1157 714 desiderant,
1207 666 1420 719 prorsus

56 722 415 771 invertendum
449 724 549 768 est:
585 724 792 784 ingenio
836 724 998 778 enim,
1040 721 1183 784 quod
1225 724 1422 784 praeci·-

100 805 164 836 ue
194 786 251 840 'in
285 788 589 843 coniecturis
615 786 850 833 felicibus
895 799 1087 849 suaque
1123 789 1169 833 vi
1212 802 1423 849 persua-

57 800 296 901 {entibus
333 854 581 910 cernitur,
611 853 737 898 nulli
770 854 1036 914 praestitit,
1071 854 1290 899 multum
1317 868 1422 898 cer-

61 928 113 966 te
149 919 344 965 Valen'ti
376 919 618 972 Acidalio,
652 918 936 964 adversario
973 932 1089 975 suo,
1123 920 1295 975 cessit,
1326 933 1424 964 nec

65 986 220 1031 animi
268 983 519 1044 quaedam
569 984 949 1044 importunitas,
1006 998 1105 1044 qua
1154 982 1424 1029 hominum

63 1064 206 1094 more
237 1047 375 1094 felici
399 1048 571 1108 aliquo
592 1060 799 1108 reperto
825 1046 1012 1093 samam
1034 1059 1302 1094 nactorurn
1325 1049 1424 1093 ela-

64 1126 168 1171 tus,
202 1112 384 1176 fungos
415 1127 474 1158 ac
509 1114 704 1174 stipites
738 1115 1034 1175 quicunque
1065 1115 1165 1175 ipsi
1196 1112 1428 1159 diffidere

63 1178 378 1235 viderentur,
434 1179 736 1234 nominavit,
789 1194 888 1239 pro
935 1181 1141 1241 ingenio
1190 1178 1428 1224 habenda

62 1243 171 1290 fuit.
240 1244 360 1305 Ipsa
377 1242 507 1288 haec
527 1242 750 1288 hominis
784 1245 835 1289 in
859 1246 1160 1289 coniecturis
1182 1246 1284 1290 suis
1306 1254 1427 1290 ven-

63 1306 282 1356 ditandis
328 1307 567 1369 superbia
609 1320 769 1354 totam
812 1311 919 1354 eius
961 1312 1319 1355 recensionem
1354 1311 1428 1354 in-

63 1374 284 1421 famavit.
352 1374 484 1419 Nam
528 1388 645 1419 cum
687 1374 930 1435 permulti
963 1374 1068 1421 loci
1102 1383 1431 1437 superessent

63 1438 322 1500 hodieque
358 1439 635 1500 supersint,
677 1440 731 1484 in
766 1438 949 1499 quibus
993 1439 1320 1485 emendandis
1355 1441 1430 1484 in-

100 1505 216 1549 enio
253 1515 303 1549 et
337 1506 439 1548 acri
474 1505 659 1549 mentis
695 1506 982 1549 intentione
1017 1520 1151 1566 opus
1188 1517 1288 1562 est,
1333 1504 1429 1550 hos

63 1520 197 1614 §nale
237 1568 544 1629 plerumque
588 1568 847 1630 aggressus
896 1580 946 1613 et
989 1568 1054 1614 ab
1101 1571 1211 1615 aliis
1259 1571 1431 1615 convi-

68 1645 179 1678 ctus
215 1630 396 1689 effecit,
424 1644 479 1677 ut
511 1632 747 1677 homines
777 1631 841 1678 de
875 1635 1014 1679 omni
1042 1636 1218 1695 potius
1254 1650 1432 1680 recen-

69 1699 214 1743 sione
250 1695 480 1742 dubitare
510 1697 736 1754 mallent,
772 1712 926 1758 quam
959 1697 1283 1762 distinguere,
1308 1698 1431 1761 quid

70 1778 133 1808 ex
173 1773 402 1808 veterum
444 1761 693 1807 librorum
736 1764 1036 1810 auctoritate
1088 1767 1270 1811 tacitus
1321 1781 1433 1811 cor·

67 1829 291 1884 rexisset,
329 1839 380 1873 et
411 1827 535 1888 quid
567 1827 657 1873 illo
695 1828 883 1874 auxilio
919 1828 1188 1877 destitutus
1210 1831 1325 1892 ipse
1350 1845 1434 1876 ex-

70 1895 354 1956 cogitasset.
441 1893 672 1954 Reliquis
729 1905 900 1939 autem
950 1894 1213 1942 codicibus
1266 1895 1432 1952 bonis,

68 1958 425 2022 Bongarsianis
459 1956 601 2016 dico,
631 1958 994 2018 Fauchetiano‚
1024 1960 1281 2018 Leidensi,
1307 1962 1435 2008 Vos-

72 2025 231 2080 siano,
264 2023 538 2084 quominus
570 2025 639 2069 ita
675 2035 732 2069 ut
758 2039 856 2086 par
895 2023 994 2071 fuit
1026 2037 1314 2084 uterentur,
1346 2025 1437 2071 ob-

71 2089 195 2139 stitit
222 2088 311 2134 illa
343 2089 618 2134 inveterata
662 2089 888 2152 vulgatae
924 2092 1205 2153 scripturae
1241 2091 1437 2153 religio5

67 2168 168 2200 nec
199 2153 427 2214 alioquin
457 2153 705 2210 Rada-us,
743 2153 1103 2214 Freinshemius,
1134 2155 1437 2203 Snakenbur-

115 2218 183 2263 'us
235 2220 410 2264 critica
451 2217 694 2265 facultate
751 2222 867 2266 satis
917 2222 1149 2268 instructi
1199 2221 1437 2268 videntur

93 2285 237 2330 uisse.
315 2284 490 2344 Itaque
535 2297 659 2346 post
708 2296 786 2331 tot
836 2286 1138 2333 emendandi
1182 2287 1438 2349 praesidia

69 2360 274 2410 reperta
309 2361 358 2394 et
387 2349 644 2396 laboriose
676 2362 916 2413 congesta
949 2364 1090 2398 vetus
1126 2352 1295 2398 honos
1329 2352 1438 2397 vul-

72 2426 214 2476 gatae
257 2416 465 2471 mansit,
517 2431 789 2477 paucaque
824 2417 876 2462 in
910 2433 969 2463 ea
1003 2420 1214 2463 mutavit
1239 2419 1438 2463 Freins-

71 2478 286 2536 hemius,
319 2480 482 2526 multo
517 2482 669 2526 etiam
701 2482 950 2543 pauciora
981 2484 1033 2528 in
1068 2482 1437 2530 Freinshemia-

72 2559 139 2589 na
172 2544 601 2608 Snakenburgius.
647 2548 829 2608 Nuper
850 2547 1056 2593 demum
1078 2549 1208 2594 Fricl.
1236 2547 1439 2593 Schmie·

72 2609 214 2655 derus
244 2608 490 2673 (Gotting.
532 2611 681 2670 1803)
715 2628 822 2659 non
858 2629 1039 2660 caecus
1073 2612 1170 2665 fuit
1202 2613 1438 2659 adversus
