1703 2961
421 134 503 177 DE
534 132 740 178 GEs'ms
768 131 938 175 ALEx.
972 133 1083 184 vin,
1113 134 1181 175 38.
1403 135 1485 176 285

134 245 229 288 nit¹
260 260 362 287 cum
401 259 562 302 magno
603 243 819 286 nobilium
855 243 1125 285 [eminarum
1175 259 1303 301 grege
1345 246 1487 288 aureis

69 332 114 361 3⁵
131 316 292 372 pateris
330 317 429 358 vina
466 315 748 357 libantium.²
829 316 926 372 Ipsa
969 315 1149 371 genibus
1194 316 1305 372 regis
1348 332 1484 372 parvo

131 387 219 428 filio
251 388 446 438 admoto,
487 401 578 428 non
617 386 788 428 veniam
831 385 982 435 modo,
1009 386 1084 428 sed
1114 387 1248 427 etiam
1278 389 1485 444 pristinae

130 459 333 500 fortunae
373 458 623 514 impetravit
655 457 800 500 decus.
869 458 1045 513 Quippe
1088 458 1301 513 appellata
1337 461 1482 516 regina

130 538 213 580 est;
255 538 298 572 et
329 529 553 573 credidere
583 529 776 586 quidam,
804 529 900 586 plus
929 529 1113 578 formae,
1145 544 1278 585 quam
1308 531 1484 572 misera-

69 603 239 647 36tioni
280 604 446 643 datum.
513 601 654 642 Puero
694 616 868 658 quoque
899 609 1018 643 certe
1059 607 1210 657 postea
1243 617 1292 644 ex
1329 618 1378 644 ea
1419 611 1488 644 ut-

129 690 302 731 cunque
329 673 474 729 genito
505 672 753 714 Alexandro
783 672 866 714 fuit
896 688 1075 714 nomen.

56 759 113 788 xr.
211 746 323 787 Hinc
340 744 617 802 Polypercon
646 744 702 786 ad
731 745 886 786 urbem
918 746 1122 786 Noram³
1158 761 1261 787 cum
1291 747 1545 790 exercitu39

124 816 290 868 missus,
316 817 566 858 inconditos
605 817 849 873 oppidanos
872 817 1039 874 proelio
1078 817 1200 859 vicit:
1237 817 1350 859 intra
1385 834 1483 859 mu-

122 890 320 930 nimenta
371 888 622 944 compulsos
649 896 846 939 secutus,
885 888 1043 930 urbem
1087 889 1133 929 in
1163 889 1385 932 dicionem
1415 905 1481 932 re-

71 980 93 1002 2
125 961 253 1016 degit.
317 960 459 1001 Multa
499 960 701 1016 ignobilia
745 960 907 1016 oppida
953 959 1121 1001 deserta
1152 975 1175 1001 a
1207 962 1292 1003 suis
1322 978 1479 1004 venere

122 1033 165 1074 in
196 1031 306 1088 regis
340 1039 619 1088 potestatem.
686 1031 892 1086 Quorum
925 1030 1094 1072 incolae
1122 1033 1278 1073 armati
1307 1041 1479 1089 petram

120 1105 329 1146 Aornin4
366 1104 546 1144 nomine
593 1110 934 1159 occupaverunt.
1011 1102 1138 1144 Hanc
1186 1105 1240 1145 ab
1290 1105 1479 1147 Hercule

121 1177 282 1218 frustra
321 1175 541 1216 obsessam
583 1190 686 1222 esse,
717 1183 944 1230 terraeque
973 1182 1100 1215 motu
1132 1183 1338 1218 coactum
1372 1177 1481 1218 absi-

64 1262 83 1292 3
118 1255 241 1297 stem,
273 1246 392 1287 fama
421 1246 680 1302 vulgaverat.
739 1248 926 1302 Inopem
959 1247 1125 1288 consilii
1163 1247 1478 1298 Alexandrum,

119 1320 217 1377 quia
251 1319 445 1374 undique
484 1333 695 1374 praeceps
735 1325 778 1359 et
817 1318 1002 1374 abrupta
1033 1333 1164 1375 rupes
1196 1326 1300 1368 erat,
1333 1321 1479 1361 senior

118 1391 299 1449 quidam
327 1390 490 1446 peritus
518 1389 720 1431 locorum
751 1405 854 1432 cum
882 1389 1053 1430 duobus
1077 1389 1171 1431 filiis
1195 1391 1296 1441 adit,
1327 1392 1359 1432 si
1382 1407 1479 1449 pre-

116 1464 229 1504 tium
266 1462 388 1518 operi
430 1469 550 1512 esset,
589 1462 758 1503 aditum
798 1477 842 1503 se
869 1468 1221 1503 monstraturum
1257 1478 1348 1504 esse
1376 1479 1479 1520 pro-

61 1556 86 1582 4
117 1535 309 1577 mittens.
369 1546 474 1574 Lxxx
507 1533 671 1574 talenta
709 1533 937 1576 constituit
968 1533 1176 1574 daturum
1206 1534 1477 1584 Alexander;

116 1615 160 1649 et
189 1605 325 1647 altero
365 1620 414 1645 ex
454 1604 680 1646 iuvenibus
718 1606 869 1646 obside
906 1611 1094 1652 retento,
1126 1606 1268 1661 ipsum
1299 1607 1353 1646 ad
1384 1622 1477 1647 exe-

64 1699 81 1726 5
116 1677 304 1736 quenda,
339 1691 451 1732 quae
479 1676 710 1725 obtulerat,
740 1677 914 1717 dimisit.
971 1677 1145 1717 Leviter
1171 1678 1351 1718 armatis
1390 1678 1476 1719 dux

115 1752 241 1793 datus
275 1755 340 1789 est
376 1747 598 1798 Mullinus,
637 1749 778 1790 scriba
818 1749 940 1804 regis.
1004 1749 1092 1790 Hos
1125 1749 1244 1790 enirn
1289 1749 1476 1790 circuitu

113 1823 186 1880 qui
229 1821 430 1862 fallerent
476 1819 676 1872 hostem,
726 1822 771 1861 in
815 1836 1039 1861 summum
1080 1821 1231 1877 iugum
1272 1821 1475 1877 placebat

61 1910 83 1938 6
115 1894 314 1936 evadere.
378 1893 505 1934 Petra
542 1907 646 1942 non,
681 1900 730 1933 ut
763 1892 1009 1949 pleraeque,
1039 1893 1226 1935 modicis
1255 1908 1304 1934 ae
1335 1893 1475 1934 molli-

111 1968 192 2009 bus
226 1966 343 2007 clivis
372 1964 416 2005 in
457 1964 641 2005 sublime
681 1964 901 2021 fastigium
945 1965 1114 2012 crescit,
1147 1966 1220 2006 sed
1253 1966 1296 2006 in
1327 1973 1472 2006 metae

110 2038 298 2080 maxime
336 2036 523 2077 modum
573 2045 718 2078 erecta
766 2044 853 2086 est,
903 2037 1023 2078 cuius
1075 2037 1164 2077 ima
1213 2037 1472 2093 spatiosiora

109 2118 223 2160 sunt,
252 2109 403 2150 altiora
436 2108 482 2148 in
519 2109 652 2149 artius
688 2114 859 2159 coeunt,
898 2124 1070 2150 summa
1116 2110 1160 2149 in
1195 2117 1376 2150 acutum
1401 2125 1472 2150 ca-

58 2202 75 2229 7
111 2197 272 2225 cumen
306 2188 554 2237 exsurgunt.
613 2181 801 2222 Radices
850 2181 940 2222 eius
976 2181 1113 2222 Indus
1139 2182 1279 2223 amnis
1336 2182 1468 2233 subit,

107 2254 340 2311 praealtus,
377 2253 599 2309 utrimque
637 2253 797 2309 asperis
831 2253 956 2309 ripis:
991 2253 1044 2294 ab
1080 2254 1212 2294 altera
1243 2261 1369 2309 parte
1395 2269 1470 2294 vo-

106 2326 274 2382 ragines
315 2326 561 2381 eluviesque
604 2332 867 2381 praeruptae
907 2333 1018 2366 sunt.
1082 2326 1176 2367 Nec
1218 2325 1298 2366 alia
1339 2341 1471 2381 expu-

108 2398 269 2439 ⁰nandi
294 2399 477 2455 patebat
503 2396 583 2447 via,
614 2413 747 2454 quam
779 2405 829 2438 ut
857 2397 1148 2453 replerentur.
1184 2398 1255 2439 Ad
1281 2412 1466 2438 manum

55 2417 74 2446 9
105 2428 130 2454 0

103 2469 204 2511 silva
234 2477 338 2521 erat,
380 2483 514 2527 quam
547 2484 623 2511 rex
659 2470 720 2511 ita
748 2470 871 2512 caedi
907 2469 1039 2521 iussit,
1083 2478 1131 2511 ut
1159 2470 1267 2511 nudi
1295 2469 1465 2525 stipites

96 2639 116 2665 1
140 2638 262 2677 abesc.
354 2639 375 2666 2
400 2638 588 2674 adiicitur
610 2639 807 2686 processit.
915 2639 935 2670 3
963 2641 1094 2675 Oram.
1237 2639 1261 2669 4
1281 2638 1455 2673 Aornon.
