1703 2961
178 142 231 186 94
622 141 678 197 Q.
709 141 916 185 CURTn
946 141 1084 185 mm

178 271 263 297 nua
290 269 465 312 quoque
509 252 707 296 subsidiis
745 253 944 306 firmavit,
981 269 1073 296 non
1095 261 1216 296 recta
1249 253 1418 308 fronte,
1456 257 1532 300 sed

178 343 199 369 a
229 328 358 368 latere
387 325 550 381 positis,
584 332 644 375 ut,
677 326 709 367 si
739 326 876 368 hostis
908 326 1224 370 circumvenire
1257 327 1396 370 aciem
1425 337 1588 371 tem-31
1622 339 1655 372 ¹.

177 396 349 455 massot,
380 405 531 455 parata
564 412 734 454 pugnae
757 398 916 443 forent.
956 399 1038 441 Hic
1073 398 1246 456 Agriani
1276 408 1412 448 erant,
1442 401 1534 457 qui-

174 471 256 511 bus
285 469 454 511 Attalus
486 477 698 525 praeerat,
731 469 945 511 adiunctis
975 471 1204 527 sagittariis
1235 468 1529 514 Cretensibus.

174 542 362 583 Ultimos
404 541 579 582 ordines
619 541 773 581 avertit
802 556 825 582 a
854 540 1016 589 fronte,
1045 550 1094 583 ut
1123 549 1263 583 totam
1295 543 1434 585 aciem
1465 559 1534 585 or-

177 615 230 655 be
269 613 472 654 muniret.
540 612 669 666 Illyrii
714 612 785 654 hic
827 621 962 665 erant,
1002 615 1209 656 adiuncto
1242 614 1378 656 milite
1420 630 1534 656 mer-

175 687 279 728 cede
311 685 548 727 conducto.
619 685 814 727 Thracas
853 701 1028 743 quoque
1067 686 1194 728 simul
1225 686 1448 728 obiecerat
1475 687 1532 728 le-

173 759 282 799 viter
317 764 523 798 armatos.
593 756 806 813 Adeoque
850 758 990 799 aciem
1030 758 1286 800 versabilem
1314 763 1327 784 ¹
1373 759 1594 815 posuit,32

174 839 233 881 ut,
265 830 338 888 qui
371 828 512 870 ultimi
543 829 728 878 stabant,
760 845 814 870 ne
847 829 1198 879 circumirentur,
1226 830 1334 871 verti
1365 837 1528 880 tamen,

172 913 213 946 et
248 904 291 944 in
320 901 516 943 frontem
548 900 783 957 circumagi
814 907 1004 957 possent.
1060 902 1213 958 ltaque
1252 917 1343 943 non
1372 902 1528 959 prima,

172 992 304 1034 quam
335 974 484 1022 latera,
515 988 607 1014 non
634 973 768 1014 latera
795 973 1031 1014 munitiora
1062 972 1198 1022 fuere,
1230 988 1363 1029 quam
1394 962 1575 1030 tergas-⁴

108 1049 247 1092 5111is
277 1048 335 1088 ita
368 1045 590 1095 ordinatis,
619 1045 845 1102 praecipit,
877 1052 936 1094 ut,
970 1044 1001 1084 si
1031 1044 1214 1086 falcatos
1247 1061 1397 1087 currus
1429 1060 1592 1089 cum33

169 1120 349 1162 fremitu
392 1117 567 1159 barbari
608 1117 871 1166 emitterent,
912 1117 990 1172 ipsi
1017 1116 1167 1158 laxatis
1198 1117 1424 1158 ordinibus
1453 1117 1530 1158 im—

168 1200 323 1250 petum
376 1189 694 1232 incurrentium
720 1192 739 1213 ²
788 1189 955 1230 silentio
997 1189 1256 1245 exciperent,
1295 1189 1415 1230 haud
1455 1190 1530 1231 du-

170 1265 265 1306 bius
298 1263 388 1304 sine
429 1277 540 1303 noxa
580 1269 917 1310 transcursuros,
960 1260 992 1301 si
1029 1276 1162 1301 nemo
1188 1277 1231 1302 se
1263 1268 1532 1320 opponeretq

170 1337 236 1378 sin
264 1343 411 1376 autem
448 1335 538 1375 sine
575 1334 754 1375 fremitu
787 1331 1087 1382 immisissent,
1129 1348 1203 1374 eos
1234 1333 1313 1389 ipsi
1336 1333 1528 1374 clamore

168 1414 409 1455 terrerent,
454 1406 720 1463 pavidosque
769 1419 903 1461 equos
944 1403 1037 1444 telis
1075 1405 1296 1462 utrimque
1339 1403 1530 1445 suffode-

168 1487 280 1521 rent.
351 1477 439 1533 Qui
468 1477 675 1519 cornibus
702 1483 946 1534 praeerant,
986 1477 1217 1518 extendere
1247 1492 1295 1518 ea
1325 1475 1436 1527 iussi,
1468 1476 1525 1517 ita
1543 1493 1592 1521 34

170 1560 219 1593 ut
248 1568 327 1593 nec
361 1549 794 1599 circumvenirentur,
836 1548 867 1589 si
896 1548 1029 1589 artius
1060 1556 1237 1598 starent,
1268 1564 1349 1590 nec
1379 1556 1529 1591 tamen

170 1624 371 1666 nltimam
397 1623 413 1651 ³
451 1622 591 1663 aciem
629 1620 911 1662 exinanirent.
971 1620 1292 1677 lmpedimenta
1326 1636 1428 1662 cum
1460 1637 1585 1666 σει-35

167 1697 302 1754 ptiris,
333 1695 446 1745 inter
485 1709 595 1751 quos
638 1700 781 1733 mater
820 1691 1033 1749 liberique
1062 1693 1194 1733 Darei
1223 1693 1527 1734 custodieban-

167 1777 251 1818 tur,
282 1767 400 1809 haud
435 1765 590 1822 procul
631 1765 722 1806 acic
755 1764 798 1804 in
827 1764 945 1805 edito
976 1763 1084 1805 colle
1115 1764 1353 1812 constituit,
1385 1766 1527 1807 modi-

169 1858 220 1883 co
251 1838 466 1898 praesidio
497 1838 664 1879 relicto.
727 1836 922 1877 Laevum
955 1851 1106 1886 cornu,
1136 1836 1249 1878 sicut
1279 1836 1392 1888 alias,
1423 1838 1526 1879 Par-

164 1912 360 1955 menioni
392 1911 606 1952 tuendum
638 1910 813 1950 datum:
849 1909 938 1964 ipse
970 1908 1013 1949 in
1044 1909 1193 1950 dextro
1227 1908 1383 1953 stabat.

251 1984 464 2027 Nondum
504 1982 559 2023 ad
594 1981 755 2022 iactum
793 1980 861 2021 teti
887 1983 908 2007 4
945 1987 1246 2038 pervenerant,
1278 1997 1380 2022 cum
1410 1981 1522 2023 Bion
1542 1994 1594 2027 36

167 2058 344 2116 quidam
374 2053 607 2109 transfuga,
642 2059 805 2108 quanto
839 2053 1029 2095 maximo
1060 2068 1187 2095 cursu
1216 2061 1435 2110 potuerat,
1466 2055 1521 2095 ad

166 2145 312 2187 regem
349 2127 568 2185 pervenit:
607 2125 824 2175 nuntians,
862 2126 1050 2168 murices
1088 2125 1252 2166 ferreos
1283 2125 1326 2166 in
1357 2133 1520 2167 terram

168 2201 381 2244 defodisse
428 2199 650 2247 Dareum,
699 2214 782 2254 qua
836 2199 1008 2239 hostem
1055 2198 1218 2254 equites
1261 2199 1519 2239 emissurum

168 2290 257 2315 esse
287 2272 506 2320 credebat,
537 2277 827 2325 notatumque
858 2278 976 2311 certo
996 2269 1114 2326 signo
1144 2256 1305 2319 locum,
1334 2277 1383 2310 ut
1401 2269 1519 2311 fraus

168 2346 316 2387 evitari
357 2359 381 2385 a
412 2342 496 2384 suis
539 2349 695 2398 posset.
763 2342 982 2382 Asservari
1018 2340 1237 2396 transfuga
1273 2340 1398 2391 iusso,
1442 2342 1576 2389 dii-37

169 2434 238 2459 ces
271 2422 504 2459 conxocat:
543 2414 824 2470 expositoque
862 2414 981 2471 quod
1013 2413 1261 2454 nuntiatum
1291 2420 1395 2464 erat,
1427 2428 1521 2454 luo-

168 2599 183 2623 1
219 2598 444 2632 venantem.
686 2594 706 2620 2
745 2595 1039 2629 occurrentium.
1273 2593 1291 2622 3
1338 2593 1514 2626 mediam.

271 2655 293 2682 4
320 2653 381 2684 teli
408 2652 562 2684 iactum.
