1703 2961
165 123 218 168 76
614 123 670 179 Q.
703 122 908 166 cur-Tu
937 124 1078 168 mm

165 236 357 278 suerunt.
425 235 659 286 Ceterum,
701 252 803 278 cum
842 237 1025 279 dimidio
1066 237 1206 280 ferme
1245 239 1388 282 maior
1415 247 1525 284 esset
1556 255 1574 284 3

167 309 391 358 exercitus,
425 323 558 364 quam
587 309 630 349 in
661 308 814 351 Cilicia
843 308 1000 360 fuerat,
1015 309 1161 350 multis
1176 324 1297 352 arma
1331 313 1524 364 deerant,

166 396 278 438 quae
314 396 484 422 summa
526 396 628 423 cura
668 382 1055 437 comparabantur.
1122 381 1354 438 Equitibus
1389 387 1526 442 equis-

166 470 251 511 que
288 460 543 510 tegumenta
583 461 709 494 erant
746 469 795 494 ex
833 453 983 496 ferreis
1010 453 1183 495 laminis
1207 454 1317 496 serie
1347 455 1460 498 inter
1486 474 1531 503 se

167 527 391 569 connexis:
417 525 511 582 quis
543 533 669 566 antea
699 533 875 582 praeter
905 526 1044 569 iacula
1074 525 1180 567 nihil
1213 526 1406 578 dederat,
1434 544 1526 572 scu-

165 605 210 639 ta
246 597 463 655 gladiique
495 596 830 639 adiiciebantur:
861 613 1166 656 equorumque
1200 598 1410 640 domandi
1440 616 1532 658 gre·
1561 617 1584 642 4

163 686 235 728 ges
271 669 491 726 peditibus
527 668 745 711 distributi
781 678 904 719 sunt,
943 678 992 712 ut·
1025 671 1169 711 maior
1200 671 1386 726 pristino
1416 682 1527 716 esset

164 742 401 798 equitatus:
443 741 692 798 ingensque,
729 748 779 783 ut
810 743 1072 789 crediderat,
1098 742 1294 784 hostium
1323 751 1477 796 terror,
1506 750 1520 772 ¹

164 813 379 854 ducentae
413 812 600 854 falcatae
635 814 882 870 quadrigae,
914 814 1096 856 unicum
1128 814 1299 856 illarum
1329 817 1525 871 gentium

161 884 386 935 auxilium,
433 891 608 927 secutae
645 895 759 930 sunt.
842 888 909 928 Ex
944 901 1119 928 summo
1158 894 1336 928 temone
1375 889 1525 932 hastae
1557 906 1574 932 s

159 955 373 1013 praefixae
403 956 522 998 ferro
554 958 821 1009 eminebant,
853 959 1074 1015 utrimque
1105 973 1128 999 a
1159 958 1258 1014 iugo
1289 966 1438 1002 ternos
1468 963 1531 1003 di-

159 1036 361 1070 rexerant
398 1029 574 1085 gladios,
614 1030 728 1072 inter
750 1033 770 1056 2
800 1031 947 1072 radios
978 1039 1178 1072 rotarum
1207 1032 1331 1088 plura
1362 1032 1526 1088 spicula

161 1101 417 1142 eminebant
455 1102 500 1143 in
542 1103 793 1153 adversum,
851 1104 958 1144 aliae
996 1102 1153 1144 deinde
1181 1103 1316 1145 falces
1343 1106 1526 1148 summis

160 1180 362 1214 rotarum
395 1173 576 1214 orbibus
604 1173 860 1225 haerebant,
903 1182 946 1216 et
972 1175 1078 1215 aliae
1110 1175 1154 1215 in
1185 1183 1350 1216 terram
1382 1177 1527 1218 dimis-

159 1261 245 1294 sae,
278 1246 488 1304 quicquid
528 1246 709 1287 obvium
755 1247 984 1290 concitatis
1028 1246 1149 1302 equis
1180 1247 1342 1298 fuisset,
1375 1264 1526 1306 ampu-

157 1326 342 1360 taturae.

92 1391 146 1433 36
242 1390 339 1432 Hoc
378 1390 515 1431 modo
550 1390 766 1432 instructo
804 1390 995 1433 exercitu
1035 1407 1085 1433 ac
1126 1398 1403 1448 perarmato,
1442 1391 1524 1433 Ba·
1557 1406 1579 1434 6

158 1461 318 1519 bylone
351 1462 500 1517 copias
529 1462 680 1503 movit.
732 1464 771 1504 A
802 1470 929 1518 parte
961 1463 1109 1504 (lextra
1144 1471 1236 1504 erat
1267 1463 1420 1519 Tigris,
1447 1479 1526 1505 no-

158 1534 256 1576 bilis
285 1534 450 1584 fluvius,
490 1533 657 1574 laevam
688 1535 864 1590 tegebat
900 1534 1162 1591 EuplirateS,
1195 1550 1351 1592 agmen
1382 1535 1526 1576 Meso-

156 1606 380 1663 potamiae
423 1620 606 1661 campos
635 1605 905 1662 impleverat.
965 1607 1080 1664 Tigri
1115 1607 1273 1649 deinde
1304 1615 1524 1663 superato,
1559 1628 1574 1653 7

158 1694 261 1721 cum
292 1677 494 1727 audisset,
536 1676 655 1718 haud
693 1678 849 1733 procul
891 1677 1041 1719 abesse
1093 1677 1281 1729 hostem,
1321 1675 1527 1735 Satropa-

156 1758 230 1791 ten
256 1751 273 1778 ³
319 1750 518 1807 equitum
565 1748 842 1806 praefectum
886 1766 989 1791 cum
1026 1750 1142 1790 mille
1185 1750 1362 1793 delectis
1397 1766 1526 1807 prae-

153 1823 284 1866 misit.
367 1821 551 1863 Mazaco
590 1822 786 1878 praetori
826 1837 896 1864 sex
928 1821 1048 1862 milia
1089 1822 1215 1870 data,
1255 1822 1412 1879 quibus
1447 1821 1527 1864 ho—

154 1901 266 1936 stem
288 1897 312 1920 4
348 1893 535 1934 transitu
575 1894 715 1934 amnis
754 1903 942 1936 arceret:
982 1893 1126 1935 eidem
1166 1894 1440 1944 mandatum,
1473 1902 1523 1936 ut
1557 1915 1575 1942 a

153 1966 395 2023 regionem,
435 1980 569 2023 quam
602 1964 850 2006 Alexander
887 1972 998 2007 esset
1043 1965 1252 2016 aditurus,
1291 1965 1525 2022 populare-

152 2047 224 2080 tur
258 2046 388 2095 atque
428 2045 597 2087 ureret;
644 2036 806 2094 quippe
854 2037 1089 2090 credebat,
1127 2037 1277 2095 inopia
1314 2037 1523 2080 debellari

152 2126 279 2168 posse
312 2109 419 2150 nihil
449 2108 706 2156 habentem,
735 2109 817 2150 nisi
847 2110 969 2167 quod
998 2109 1213 2166 rapiendo
1245 2118 1525 2167 occupasset:

154 2182 231 2237 ipsi
265 2189 414 2225 autem
446 2188 724 2223 commeatus
753 2180 822 2222 alii
854 2189 984 2231 terra,
1017 2181 1087 2222 alii
1119 2180 1237 2237 Tigri
1265 2196 1394 2222 amne
1423 2182 1522 2224 sub-

152 2252 439 2294 vehebantur.
494 2252 588 2292 Iam
615 2260 873 2308 pervenerat
898 2255 913 2282 5
946 2253 1104 2295 Arbela
1132 2253 1292 2301 vicum,
1322 2253 1518 2297 nobilem
1549 2274 1572 2305 9

154 2340 230 2366 sua
271 2325 393 2367 clade
423 2323 633 2366 facturus.
685 2324 770 2366 Hic
798 2332 1133 2367 commeatuum
1163 2325 1523 2384 sarcinarumque

156 2397 327 2438 maiore
367 2403 493 2453 parte
535 2396 746 2454 deposita,
786 2395 957 2454 Lycum
998 2412 1177 2439 amnem
1205 2404 1344 2454 ponte
1375 2397 1523 2449 iunxit,

159 2574 177 2601 1
208 2581 327 2606 terror
354 2572 536 2608 hostium.
765 2573 786 2601 2
811 2580 855 2607 et
886 2574 998 2609 inter.
1223 2574 1244 2604 3
1271 2575 1523 2621 Satropatem‚

253 2630 347 2663 icem
374 2636 524 2674 postea.
755 2627 777 2660 4
806 2627 929 2662 abest.
1156 2628 1176 2657 ⁵
1199 2627 1389 2663 adiicitur
1413 2629 1474 2662 ad.
