1703 2961
398 101 480 143 DE
506 96 715 142 GESTlS
742 96 910 139 ALEX.
938 98 1011 150 VI,
1043 97 1108 140 16.
1366 98 1446 142 169

60 233 74 255 1
119 213 436 258 -.'-Mardorum
466 218 558 254 erat
588 224 691 267 gens
729 207 923 253 confinis.
947 209 1206 266 Hyrcaniae,
1239 210 1359 253 cultu
1389 210 1510 258 νηί-16

93 297 162 330 ωε
187 300 338 342 aspera
369 291 412 325 et
454 281 691 324 latrociniis
722 288 904 323 assueta.
957 282 1078 324 Haec
1105 282 1194 323 sola
1227 298 1308 324 nec
1341 282 1452 339 lega-

92 368 163 403 tos
187 358 378 405 miserat,
417 371 499 397 nec
536 353 765 395 videbatur
799 353 1012 409 imperata
1050 353 1234 396 factura.
1298 356 1451 411 Itaque

27 472 31 475 ,
90 446 167 473 rex
190 429 449 483 indignatus,
480 426 512 467 si
543 441 628 467 una
662 440 764 482 gens
795 432 942 480 posset
968 423 1153 475 efficere,
1182 441 1238 466 ne
1267 426 1452 468 invictus

93 508 224 550 esset,
272 497 597 556 impedimentis
640 512 744 539 cum
779 496 997 552 praesidio
1031 496 1215 547 relictis,
1253 497 1446 539 invicta¹

0 552 2 599 l
32 588 226 619 ramanu
253 571 492 615 comitante
521 568 735 625 procedit.
768 568 917 608 Noctu
937 567 1019 609 iter
1047 569 1225 620 lecerat,
1248 577 1290 611 et
1310 571 1451 626 prima

91 646 187 688 luce
213 643 350 686 hostis
387 643 431 683 in
469 648 710 698 conspectu
751 646 861 681 erat:
898 641 1111 683 tumultus
1147 642 1282 699 magis
1307 658 1457 698 Aquam.

92 715 308 774 proelium
343 713 440 755 fuit.
505 712 741 754 Deturbati
771 727 822 754 ex
852 711 1046 763 collibus,
1072 729 1182 770 quos
1213 729 1454 770 occupave-

0 782 2 806 *
92 795 207 838 rant„
229 786 403 828 barbari
424 784 765 842 profugeruntz²
793 782 1067 842 proximique
1105 787 1188 829 vici
1218 786 1272 826 ab
1300 785 1455 828 incolis

0 848 5 887 l
33 873 77 903 13
93 859 250 901 deserti
287 858 534 914 capiuntur.
602 856 817 898 Interiora
855 856 1042 912 regionis
1077 858 1166 899 eius
1200 858 1322 900 haud
1351 873 1456 899 sane

92 931 232 973 adiri³
264 929 355 971 sine
381 943 540 985 magna
569 927 794 969 vexatione
833 929 1043 970 exercitus
1074 936 1293 986 poterant.
1352 931 1455 986 Iuga

49 1039 53 1047 .
92 1001 316 1044 montium
353 1000 574 1058 praealtae
600 1000 729 1041 silvae
758 1014 974 1057 rupesque
1002 1001 1141 1043 inviae
1171 1001 1363 1058 sepiunt3
1393 1016 1456 1052 ea,

98 1090 208 1131 quae
238 1073 368 1130 plana
395 1079 508 1121 sunt,
537 1087 654 1113 novo
682 1072 947 1113 munimenti
976 1087 1133 1128 genere
1163 1073 1459 1130 impedierant

6 1155 9 1167 ²
37 1162 82 1187 14
95 1145 282 1190 barbari.
339 1145 533 1185 Arbores
563 1145 720 1185 densae
752 1152 853 1185 sunt
883 1144 971 1185 de4
1014 1144 1225 1187 industria
1247 1146 1456 1195 consitae,

8 1205 11 1212 ’
96 1233 284 1276 quarum
314 1225 490 1258 teneros
536 1213 680 1257 adhuc
708 1230 857 1256 ramos
884 1217 1241 1269 manuflectunt‚
1272 1218 1460 1275 quosin-

96 1292 238 1332 tortos
266 1303 412 1330 rursus
444 1288 644 1328 inserunt
668 1295 830 1328 terrae:
872 1288 973 1328 inde
1008 1290 1125 1331 velut
1163 1306 1212 1332 ex
1237 1291 1318 1332 alia
1349 1292 1461 1334 radi-

42 1378 86 1404 15
104 1379 151 1404 ce
181 1360 382 1402 laetiores
410 1360 552 1400 virent
578 1359 733 1400 trunci.
790 1360 898 1407 Hos,
927 1375 1011 1416 qua
1043 1369 1197 1402 natura
1228 1362 1326 1413 fert,
1358 1364 1463 1404 ado-

98 1435 260 1476 lescere
291 1448 382 1474 non
412 1432 578 1474 sinunt:
611 1430 772 1487 quippe
803 1431 935 1472 aliurn
965 1432 1033 1477 alii
1061 1433 1181 1489 quasi
1212 1449 1326 1476 nexu
1358 1451 1463 1477 con-
1496 1445 1521 1448 ”

101 1513 272 1555 serunt;
311 1504 383 1562 qui
420 1503 494 1544 ubi
534 1502 672 1543 multa
709 1502 868 1545 fronde
907 1503 1048 1545 vestiti
1088 1512 1209 1556 sunt,
1255 1507 1462 1564 operiunt

102 1588 281 1620 terram.
345 1579 500 1631 Itaque
539 1573 731 1615 occulti5
775 1589 1005 1616 ramorum
1041 1575 1159 1617 velut
1196 1577 1337 1635 laquei
1366 1596 1463 1636 per-

41 1641 231 1729 r6petua
269 1663 370 1706 sepe
412 1647 496 1687 iter
542 1645 740 1688 cludunt.
809 1647 908 1688 Una
942 1646 1056 1688 ratio
1096 1655 1190 1689 erat
1233 1651 1461 1694 caedendo

102 1721 270 1778 aperire
297 1719 470 1769 saltum,
513 1718 588 1759 sed
624 1717 713 1761 hoc
754 1734 930 1775 quoque
966 1720 1112 1775 magni
1144 1714 1299 1800 operis.
1359 1723 1466 1766 Cre⁴

101 1793 169 1836 bri
209 1807 399 1851 namque
438 1790 545 1832 nodi
583 1790 846 1832 duraverant
882 1790 1061 1850 stipi-tes,
1103 1800 1146 1833 et
1176 1793 1221 1834 in
1250 1810 1294 1836 se
1323 1795 1465 1853 impli-

105 1865 191 1908 cati
216 1863 426 1905 arborum
457 1862 586 1910 rami,
613 1863 828 1919 suspensis
859 1863 1030 1905 circulis
1054 1864 1226 1917 similes,
1256 1867 1375 1910 lento
1406 1869 1466 1910 vi-

41 1955 85 1981 17
100 1936 218 1978 mine
251 1935 578 1977 frustrabantur
613 1934 739 1976 ictus.
811 1935 986 1978 Incolae
1026 1944 1196 1989 autem,
1238 1940 1327 1981 ritu
1352 1941 1464 1983 fera-

104 2024 206 2050 rum
242 2007 422 2064 virgulta
461 2007 606 2049 subire
649 2006 786 2055 soliti,
834 2014 930 2049 tum
977 2026 1153 2068 quoque
1196 2011 1465 2056 intraverant

56 2121 74 2130 ,.
106 2081 278 2129 saltum,
309 2080 578 2137 occultisque
608 2080 704 2121 telis
732 2079 906 2122 hostem
937 2082 1219 2126 lacessebant.

189 2153 265 2194 llle
304 2152 560 2194 venantium
594 2152 731 2193 modo
767 2151 945 2195 latibula
971 2163 1201 2207 scrutatus,
1231 2159 1464 2218 plerosque
1477 2164 1527 2211 17

63 2267 65 2270 Α
110 2225 334 2268 confodit:
375 2223 430 2265 ad
461 2223 665 2265 ultimum
695 2223 926 2266 circumire
957 2226 1116 2269 saltum
1146 2231 1303 2273 milites
1330 2232 1467 2281 iubet,

51 2311 98 2338 ιε
113 2304 162 2338 ut
187 2297 220 2338 si
251 2312 334 2353 qua
371 2302 550 2352 pateret,
587 2296 895 2352 irrumperent.
948 2298 1037 2340 Sed
1063 2300 1217 2357 ignotis
1247 2303 1352 2346 locis
1380 2305 1473 2362 ple-

113 2368 237 2424 rique
282 2368 568 2419 oberrabant‚
621 2367 914 2426 exceptique6
953 2379 1055 2413 sunt
1101 2375 1305 2431 quidam,
1351 2376 1469 2419 inter

114 2494 133 2520 1
158 2495 222 2529 Sic
246 2492 354 2527 codd.
379 2495 513 2531 malim
536 2495 698 2532 delecta.
862 2497 882 2523 2
900 2499 1139 2546 profugiunt.
1191 2530 1194 2532 .
1313 2503 1333 2540 3
1363 2505 1469 2541 adire

202 2566 246 2573 --
272 2554 435 2592 poterat.
703 2551 725 2582 4
752 2561 810 2585 ex.
1075 2557 1096 2585 5
1120 2555 1309 2592 adiicitur
1334 2570 1466 2597 nexus.

205 2600 226 2627 ⁶
249 2602 414 2648 excepti.
