1703 2961
260 129 343 175 278
711 133 768 189 Q.
802 134 1007 180 euffrn
1035 137 1175 179 Ruri

247 241 388 298 cipit,
418 256 668 303 magnoque
696 254 823 289 motu
855 249 995 290 amnis
1016 255 1202 307 uterque
1234 249 1474 292 colliditur:
1503 251 1625 309 quip-

266 330 322 371 pe
356 331 558 372 asperum
584 320 641 360 'os
671 319 870 362 influenti
899 322 1063 373 obiicit,
1086 337 1167 363 nec
1187 336 1464 379 repercussae
1486 339 1623 381 aquae

270 387 444 430 cedunt.
513 391 771 445 Dyardenes
810 393 954 436 minus
996 394 1167 436 celeber
1200 393 1354 435 auditu
1396 402 1481 443 est,
1523 395 1623 452 quia
1654 400 1694 449 9}

266 475 345 514 per
391 461 544 504 ultima
598 464 751 506 Indiae
803 466 957 507 currit:
1015 474 1211 509 ceterum
1249 481 1340 507 non
1380 467 1626 509 crocodilos
1692 462 1694 468 ’

266 532 425 583 modo,
467 534 529 576 uti
566 536 708 586 Nilus,
749 536 825 578 sed
875 539 1005 580 etiam
1063 537 1323 595 delphinos¹
1371 538 1627 595 ignotasque
1693 589 1695 595 ἲ

267 604 358 646 aliis
396 607 599 664 gentibus
629 608 788 652 beluas²
832 609 919 652 alit.
987 610 1320 662 Ethimantus,²
1363 610 1526 652 crebris
1555 610 1628 652 He·
1648 625 1695 669 xc!

266 678 391 720 xibus
424 680 610 722 subinde
649 689 866 729 curvatus,
907 683 960 723 ab
1005 683 1164 726 accolis
1213 682 1454 740 rigantibus
1492 682 1630 739 carpi-

1692 507 1695 523 l

266 758 358 793 tur:
383 767 431 795 ea
464 768 592 795 causa
632 761 708 803 est,
751 769 830 796 cur
879 762 1030 797 tenues
1067 755 1268 813 reliquias
1308 755 1395 795 iam
1433 754 1524 796 sine
1553 770 1630 796 no-

267 824 387 866 mine
420 825 463 866 in
504 841 629 867 mare
666 826 849 869 emittat.
913 828 1069 870 Multis
1109 835 1284 885 praeter
1315 827 1396 869 hos
1429 827 1686 868 amnibusu

265 903 358 939 tota
401 899 519 955 regio
559 898 784 949 dividitur,
831 900 907 942 sed
947 900 1225 956 ignobilibuS,
1263 900 1362 957 quia
1401 914 1493 940 non
1521 899 1630 940 adeo

266 967 538 1011 interfluunt.
599 970 812 1013 Ceterum
840 987 952 1029 quae
984 973 1191 1029 propiora
1224 979 1325 1015 sunt
1356 971 1466 1012 mari
1513 971 1686 1028 aqui-12

266 1040 388 1083 lones
439 1042 628 1085 maxime
676 1043 886 1086 deurunt:
922 1043 998 1085 hi³
1041 1044 1223 1087 cohibiti
1263 1044 1370 1101 iugis
1408 1045 1632 1084 montium

267 1112 322 1153 ad
354 1112 563 1156 interiora
603 1131 695 1158 non
732 1125 987 1172 penetrant,
1030 1117 1086 1159 ita
1134 1116 1299 1158 alendis
1326 1115 1523 1172 frugibus
1554 1116 1634 1158 mi-

267 1188 379 1226 tes.4
462 1188 548 1229 Sed
590 1188 699 1230 adeo
739 1189 784 1230 in
822 1189 890 1230 illa
927 1189 1050 1247 plaga
1083 1189 1276 1230 mundus
1306 1195 1438 1228 statas
1466 1195 1686 1244 tempo-1:

267 1271 366 1298 rum
398 1258 513 1300 vices
543 1267 698 1310 mutat,
727 1268 786 1311 ut,
820 1277 922 1304 cum
951 1262 1030 1302 alia
1060 1261 1229 1302 fervore
1247 1260 1346 1301 solis
1366 1267 1631 1308 exaestuant,

267 1329 440 1370 Indiam
480 1331 599 1372 nives
639 1332 849 1381 obruant,
893 1348 1153 1390 rursusque,
1196 1331 1269 1372 ubi
1307 1338 1449 1373 cetera
1481 1331 1634 1388 rigent3

268 1401 352 1443 illic
392 1401 692 1445 intolerandus
733 1412 875 1446 aestus
917 1405 1078 1448 existat.
1146 1403 1242 1445 Nec
1273 1403 1444 1459 aperuit
1480 1411 1636 1444 natura

271 1477 493 1517 causam.⁵
549 1476 675 1519 Mare
702 1483 834 1528 certe,
867 1494 955 1535 quo
987 1476 1172 1525 alluitur,
1202 1491 1256 1516 ne
1281 1474 1429 1516 colore
1459 1475 1638 1532 quidem
1658 1490 1685 1513 1.

269 1546 484 1589 abhorret
526 1563 549 1589 a
591 1549 758 1591 ceteris.
827 1550 896 1592 Ab
938 1548 1168 1607 Erythro⁶
1206 1562 1306 1603 rege
1345 1546 1534 1588 inditum
1576 1555 1641 1589 est

271 1634 457 1661 nomen:
487 1628 672 1677 propter
704 1623 824 1679 quod
857 1622 993 1680 ignari
1028 1620 1186 1661 rubere
1218 1633 1351 1675 aquas
1384 1619 1582 1660 credunt.

210 1691 259 1732 31
362 1692 499 1735 Terra
527 1694 600 1735 lini
629 1693 772 1738 feraxt
802 1694 904 1736 inde
937 1693 1155 1750 plerisque
1182 1697 1283 1732 sunt
1313 1698 1462 1733 vestes.
1521 1691 1639 1732 Libri
1660 1707 1675 1730 1

271 1763 483 1805 arborum
521 1767 659 1808 teneri
695 1767 814 1809 haud
848 1781 972 1807 secus
1004 1778 1136 1821 quam
1170 1762 1363 1812 chartae,
1393 1763 1641 1804 litterarum

272 1842 401 1877 notas
439 1837 627 1894 capiunt.
694 1840 808 1881 Aves
850 1837 905 1879 ad
945 1835 1211 1878 imitandum
1251 1834 1472 1876 humanae
1517 1835 1637 1876 vocis
1655 1854 1686 1876 1·

273 1923 435 1953 sonum
477 1910 638 1952 dociles
667 1918 780 1953 sunt.
842 1909 1059 1952 Animalia
1090 1906 1291 1948 inusitata
1324 1907 1479 1948 ceteris
1506 1907 1643 1965 genti-

277 1981 381 2033 bus,
419 1982 500 2023 nisi
539 1983 722 2024 invecta.
786 1982 960 2025 Eadem
1004 1985 1153 2023 terra⁷
1208 1980 1512 2022 rhinocerotas
1555 1979 1644 2029 alit,

279 2069 372 2095 non
399 2062 590 2111 generat.
629 2055 982 2112 Elephantorum
1014 2052 1156 2094 maior
1187 2059 1251 2094 est
1272 2051 1346 2099 vis,
1379 2066 1513 2107 quam
1535 2054 1695 2108 quosz¹

281 2125 328 2167 in
359 2125 507 2169 Africa
549 2127 792 2176 domitant;
831 2134 875 2168 et
910 2125 1073 2167 viribus
1101 2124 1361 2181 magnitudo
1390 2123 1643 2179 respondet.
1693 2150 1696 2175 t

281 2199 453 2240 Aurum
494 2199 677 2242 flumina
713 2199 901 2249 vehunt,
940 2213 1050 2256 quae
1087 2196 1172 2238 leni
1214 2194 1480 2251 modicoque
1520 2184 1695 2251 lapsux'¹

281 2287 431 2330 segnes
474 2287 607 2329 aquas
647 2273 827 2315 ducunt.
898 2269 1110 2314 Gemmas
1156 2267 1498 2325 margaritasque
1526 2281 1648 2308 mare
1667 2276 1694 2332 13

1691 2350 1694 2418 ἐ

288 2433 306 2459 1
335 2432 553 2479 delphines.
757 2432 776 2456 2
804 2429 1069 2476 Erymanthus.
1228 2427 1247 2457 3
1275 2427 1316 2462 ii.
1475 2426 1498 2458 4
1527 2425 1649 2462 mitia.
1691 2421 1694 2460 i

379 2486 456 2523 Sed
480 2495 590 2520 totus
614 2487 718 2520 locus
742 2489 782 2519 in
809 2497 895 2518 mss.
921 2487 974 2517 sic
997 2485 1162 2530 legitur:
1189 2481 1363 2529 aquiloni
1385 2500 1429 2507 —
1445 2480 1651 2514 decurrunt
1690 2486 1694 2518 f

380 2541 440 2575 his
467 2540 662 2575 cohibitus
689 2559 733 2566 ——
761 2545 935 2586 penetrat
960 2557 1003 2562 -—-
1032 2537 1145 2570 mitis.
1269 2538 1288 2565 5
1315 2537 1376 2571 De
1400 2537 1651 2569 coniectura:
1689 2534 1693 2574 ,⁴

385 2594 505 2630 Codd.
541 2606 612 2627 nec
650 2607 716 2627 cur
744 2594 809 2627 ubi
837 2604 876 2625 se
904 2599 1038 2629 natura
1063 2601 1186 2624 causa.
1229 2590 1355 2636 Vulgo
1380 2600 1452 2623 nec
1482 2600 1559 2629 cur,
1583 2587 1654 2621 ulli

380 2661 420 2687 so
446 2657 603 2685 naturae
632 2660 744 2690 causa
780 2647 1004 2692 ingessit.
1074 2644 1094 2670 ⁶
1121 2643 1295 2688 Erythra.
1347 2644 1364 2671 7
1391 2642 1580 2677 adiicitur
1606 2649 1654 2676 et.
1689 2682 1692 2697 ·

1689 2753 1691 2776 l
