1703 2961
0 0 1703 40 ——=

383 188 463 230 DE
495 185 700 230 GESTIS
729 185 898 228 ALEX.
928 186 1003 237 IV,
1033 187 1100 228 61.
1342 187 1420 229 105

77 301 302 359 gientibus.
366 302 460 356 Ipse
498 299 646 355 ingens
681 297 870 353 spatium
904 297 1005 354 fuga
1039 313 1253 350 emensus,
1279 300 1422 340 media

77 376 165 416 sere
191 380 319 413 nocte
350 371 507 413 Arbela
540 369 749 426 pervenit.

15 462 61 487 10
161 445 270 499 Quis
291 451 358 485 tot
379 443 564 485 ludibria
593 441 809 491 fortunae,
834 442 1011 491 ducum,
1042 442 1267 498 agminum
1284 446 1296 466 ¹
1336 458 1429 484 cae-

78 519 177 561 dem
206 516 503 572 multiplicem,
538 513 812 554 devictorum
842 514 1004 571 fugam,
1037 514 1180 555 clades
1202 529 1318 556 nunc
1349 515 1431 556 sin-

77 589 292 647 gulorum,
324 602 441 628 nunc
472 585 786 635 universorum,
818 594 893 627 aut
921 586 1068 627 animo
1101 586 1267 642 assequi
1286 594 1431 643 queat,

80 669 155 703 aut
191 659 390 702 oratione
429 656 690 713 complecti?
746 657 1081 713 Propemodum
1119 656 1251 699 seculi
1286 673 1354 699 res
1388 659 1434 699 in

18 747 216 773 nunum
247 730 368 771 illurn
410 729 525 771 diem
559 730 694 785 pro!²
728 727 906 770 fortuna
936 728 1183 771 cumulavit.
1240 728 1324 770 Alii
1350 745 1435 785 qua

80 802 384 846 brevissimum
421 801 599 858 patebat
638 801 730 850 iter,
772 800 840 842 alii
872 801 1062 843 diversos
1091 800 1223 842 saltus
1250 808 1292 842 et
1321 800 1439 858 igno-

81 876 177 917 tas³
218 874 498 931 sequentibus
546 872 676 915 calles
721 872 947 929 petebant.
1033 873 1180 930 Eques
1218 873 1439 930 pedesque

84 946 256 990 confusi
287 944 378 986 sine
412 945 537 997 duce,
574 944 752 986 armatis
793 943 1007 994 inermes,
1061 943 1238 1001 integris
1278 945 1441 988 debiles

21 1017 432 1075 12implicabantur.
490 1016 673 1067 Deinde,
704 1016 1002 1059 misericordia
1031 1016 1077 1057 in
1104 1023 1277 1058 metum
1306 1033 1441 1069 versa,

87 1090 160 1147 qui
187 1088 306 1146 sequi
347 1104 438 1130 non
464 1094 685 1146 poterant,
718 1086 832 1128 inter
859 1095 1039 1128 mutuos
1063 1087 1248 1143 gemitus
1279 1089 1444 1132 desere-

86 1162 261 1203 bantur.
323 1160 422 1202 Sitis
453 1159 688 1217 praecipue
714 1156 916 1215 fatigatos
946 1167 990 1200 et
1008 1159 1178 1202 saucios
1193 1162 1444 1218 perurebat,

86 1233 334 1291 passimque
379 1231 584 1273 omnibus
620 1229 721 1271 rivis
747 1238 1073 1285 prostraverant
1099 1247 1298 1289 corpora,
1324 1250 1448 1292 prae-

28 1305 368 1350 13terfluentem
399 1318 561 1360 aquam
599 1301 739 1343 hianti
768 1316 844 1343 ore
877 1309 1116 1361 captantes.
1166 1305 1314 1360 Quam
1345 1323 1449 1349 cum

91 1377 213 1419 avide
226 1378 248 1402 4
279 1373 503 1417 turbidam
519 1371 773 1424 hausissent,
788 1374 1082 1416 tendebantur
1096 1378 1312 1435 extemplo
1326 1394 1453 1436 prae·

95 1448 243 1490 cordia
289 1451 518 1502 premente
566 1444 694 1494 limo,
745 1445 1032 1502 resolutisque
1088 1454 1133 1488 et
1172 1451 1452 1506 torpentibus

93 1517 318 1567 membris,
360 1531 461 1558 cum
495 1516 812 1572 supervenisset
849 1517 1006 1569 hostis,
1048 1519 1170 1561 novis
1206 1521 1454 1564 vulneribus

32 1611 79 1634 14
96 1590 410 1633 excitabantur.
478 1587 695 1642 Quidam,
734 1590 958 1646 occupatis
992 1591 1203 1649 proximis
1239 1593 1351 1643 rivis,
1384 1594 1456 1636 de-

98 1663 347 1704 verterant⁵
388 1660 578 1716 longius,
620 1666 669 1700 ut
709 1660 918 1718 quicquid
959 1662 1121 1705 occulti
1162 1663 1360 1707 humoris
1390 1681 1458 1708 us-

100 1749 232 1793 quam
261 1739 474 1778 manaret,
505 1731 763 1787 exciperent,
792 1747 872 1774 nec
905 1732 990 1773 ulla
1021 1734 1130 1778 adeo
1162 1736 1253 1778 avia
1283 1745 1327 1780 et
1344 1738 1459 1781 sicca

41 1807 259 1852 rslacuna
289 1811 393 1854 erat,
431 1804 516 1844 ut⁶
557 1803 861 1859 vestigantium
905 1804 1019 1845 sitim
1054 1805 1236 1850 falleret.
1294 1810 1332 1851 E
1359 1824 1462 1866 pro-

101 1877 227 1920 ximis
262 1891 365 1917 vero
408 1874 551 1916 itineri
598 1874 702 1916 vicis
746 1875 933 1919 ululatus
959 1882 1146 1920 senum⁷
1179 1880 1464 1924 feminarum-

106 1965 189 2007 que
230 1947 594 1995 exaudiebantur,
632 1946 823 1990 barbaro
858 1949 945 1991 ritu
983 1951 1182 1993 Dareum
1216 1953 1362 1997 adhuc
1401 1969 1468 1997 re-

107 2036 206 2079 gem
239 2019 536 2062 clamantium.

52 2106 101 2136 16
197 2091 453 2141 Alexander,
495 2097 543 2132 ut
579 2105 709 2148 supra
748 2092 917 2135 dictum
959 2101 1044 2145 est,
1075 2095 1262 2139 inhibito
1286 2111 1531 2153 suorum52

111 2165 316 2223 impetu⁸
370 2164 425 2204 ad
475 2163 646 2216 Lycum
685 2178 863 2206 amnem
901 2175 1171 2222 pervenerat,
1206 2170 1280 2211 ubi
1323 2173 1473 2228 ingens

110 2235 348 2278 multitudo
379 2234 637 2292 fugientium
671 2246 930 2280 oneraverat
964 2247 1161 2295 pontem,
1191 2249 1235 2283 et
1264 2242 1471 2300 plerique,

114 2323 217 2353 cum
267 2307 402 2349 hostis
450 2314 645 2368 urgeret,
692 2307 736 2348 in
776 2309 942 2350 flumen
977 2326 1020 2352 se
1067 2314 1474 2370 praecipitaverant,

113 2395 347 2437 gravesque
388 2379 519 2421 armis
563 2385 607 2420 et
646 2379 812 2434 proelio
845 2397 895 2423 ac
925 2382 1025 2441 fuga
1057 2385 1277 2442 defatigati
1303 2387 1478 2444 gurgiti-

57 2473 100 2498 ιγ
118 2453 199 2494 bus
229 2451 554 2492 hauriebantur.
612 2451 792 2509 Iamque
821 2469 913 2496 non
939 2470 1052 2511 pons
1081 2457 1219 2499 modo
1249 2458 1476 2518 fugienteS,

118 2590 136 2612 1
165 2588 448 2633 agminumque.
647 2586 667 2611 2
693 2586 803 2622 abest
827 2591 1061 2626 interiectio.

207 2643 229 2673 4
255 2653 340 2675 cum
365 2641 448 2675 diu
473 2642 588 2675 avidi.
813 2644 832 2670 ⁵
857 2644 1098 2681 diverterant.

212 2697 226 2722 7
253 2708 389 2729 senum
415 2696 598 2730 ululatus.
803 2696 821 2726 3
847 2709 970 2732 cursu.

1265 2593 1285 2623 3
1311 2595 1478 2640 ignotos.

1320 2649 1341 2674 ⁶
1369 2660 1479 2696 quae.
