1703 2961
214 177 217 181 ,
235 136 315 184 174
695 139 752 196 Q.
783 139 988 184 CURTu
1018 141 1164 185 Ruri

317 251 408 292 Iter
444 248 622 293 facienti
660 251 699 294 ei
728 251 928 295 litterae¹
963 252 1209 294 afferuntur
1236 268 1258 294 a
1290 252 1482 300 finitimis
1513 257 1649 299 Sa-20

233 329 474 378 traparum‚
514 338 537 364 e
569 323 725 380 quibus
756 325 992 381 cognoscit,
1022 326 1204 366 Bessum
1235 326 1413 381 quidem
1444 329 1589 371 hostili

233 393 381 435 animo
422 409 655 436 occurrere
692 412 794 438 cum
846 397 1058 445 exercitu,
1105 404 1301 438 ceterum
1351 399 1591 444 Satibarza-

230 481 357 514 nem,
418 482 551 523 quem
598 471 849 523 satrapam²
897 470 1107 510 Ariorum
1156 469 1247 526 ipse
1298 470 1587 526 praefecisset,

212 538 438 581 defecisse
473 538 526 579 ab
569 554 636 580 eo.
714 542 865 595 ltaque
906 556 1175 598 quamquam
1214 543 1348 584 Besso
1391 543 1647 587 immine-21

228 610 318 661 bat,
349 618 497 651 tamen
528 611 615 652 ad³
651 611 981 654 Satibarzanem
1013 613 1356 669 opprimendum
1374 619 1619 671 praeverti..

228 682 448 737 optimum
477 690 608 733 ratus,
638 683 777 726 levem
810 692 1079 725 armaturam
1113 692 1157 726 et
1188 694 1408 743 equestres
1433 688 1586 743 *copias

228 753 390 804 educit,
430 761 612 812 totaque
651 763 782 797 nocte
822 756 976 797 itinere
1017 764 1192 798 strenue
1221 757 1392 805 factost
1425 759 1589 816 improf

223 826 337 867 visus
377 825 492 867 hosti
531 827 792 883 supervenit.
851 827 987 869 Cuius
1028 828 1204 884 cognito
1242 830 1432 870 adventu
1471 831 1643 872 Sati-22

223 898 433 940 barzanes
465 915 567 940 cum
606 914 636 940 11
662 900 837 947 milibus
867 900 1066 956 equitum
1097 903 1197 951 (nec
1216 902 1230 928 ⁵
1266 901 1411 957 plures
1440 902 1583 944 subito

224 970 427 1012 contrahi
474 977 699 1028 poterant)
746 973 904 1014 Bactra
945 972 1143 1029 perfugit,
1185 972 1315 1015 ceteri
1362 975 1585 1030 proximos

220 1052 396 1085 montes
427 1052 769 1101 occupaverunt.
814 1046 1050 1100 Praerupta
1081 1060 1210 1102 rupes
1241 1047 1353 1092 est‚⁶
1386 1061 1470 1104 qua
1491 1062 1649 1103 spe—23
1702 1083 1703 1092 ,

221 1124 313 1159 ctat
351 1116 664 1158 Occidentem:
700 1119 856 1160 eadem
899 1133 983 1175 qua
1013 1118 1150 1174 vergit
1182 1119 1236 1160 ad
1267 1118 1501 1160 Orientem
1527 1118 1584 1160 le·
1701 1098 1703 1159 i

219 1189 345 1231 niore
379 1189 606 1230 summissa
635 1190 821 1246 fastigio,
852 1191 998 1232 multis
1037 1190 1267 1231 arboribus
1302 1190 1456 1241 obsita,
1486 1206 1580 1247 per-
1700 1215 1703 1238 ¹

219 1277 380 1303 ennom
423 1261 560 1303 habet
588 1261 774 1312 fontem,
819 1278 869 1304 ex
896 1278 985 1319 quo
1017 1263 1169 1318 large'
1214 1278 1351 1319 aquae
1382 1271 1579 1312 manant.
1616 1299 1619 1302 ,
1700 1248 1703 1286 Ι

218 1334 477 1376 Circuitus⁸
523 1334 611 1376 eius
648 1349 731 1376 xxx
771 1341 812 1376 et
851 1348 881 1375 11
922 1335 1059 1375 stadia
1108 1334 1461 1391 comprehendit.
1525 1337 1644 1382 1n24
1698 1299 1703 1372 i

216 1407 380 1448 vertice
417 1407 627 1449 herbidus
667 1395 860 1463 campus.
932 1407 981 1447 In
1026 1406 1112 1448 hoc
1142 1406 1472 1448 multitudinem
1503 1409 1583 1450 im-
1697 1400 1703 1447 i

215 1479 373 1521 bellem
396 1479 623 1522 considere
644 1481 815 1522 iubent:
845 1479 938 1536 ipsi,
957 1495 1041 1536 qua
1067 1494 1197 1536 rupes
1222 1479 1250 1507 *
1280 1487 1384 1528 erat,
1402 1483 1423 1506 9
1455 1480 1582 1522 arbo-
1696 1468 1703 1535 i

215 1567 315 1593 rum
343 1561 524 1593 truncos
556 1560 600 1594 et
636 1569 733 1595 saxa
765 1553 1083 1594 obmoliuntur.
1152 1564 1231 1592 xm
1261 1551 1382 1592 milia
1410 1560 1578 1595 armata

215 1632 351 1666 erant.
410 1626 460 1665 ln
500 1631 751 1684 quorum¹¹
794 1625 1024 1667 obsidione
1068 1623 1254 1667 Cratero
1287 1624 1456 1673 relicto,
1485 1625 1575 1682 ipse
1591 1646 1638 1673 «ις

114 1749 118 1752 ἢ
214 1697 541 1739 Satibarzanen]
574 1699 694 1756 sequi
727 1698 915 1740 festinat.

153 1772 208 1813 23
300 1771 359 1812 Et
392 1771 490 1828 quia
528 1771 697 1829 longius
730 1771 878 1813 abesse
919 1784 1020 1810 eum
1041 1773 1083 1793 ¹0
1114 1775 1393 1825 cognoverat,
1426 1768 1482 1811 ad
1513 1785 1580 1811 ex-

213 1843 474 1899 pugnandos
512 1860 600 1893 eos,
637 1845 709 1902 qui
744 1845 856 1886 edita
895 1843 1118 1883 montium
1145 1850 1485 1895 occupaverant,
1513 1857 1578 1884 reu

215 1921 289 1964 dit.
355 1922 420 1962 Ac
448 1919 593 1978 primo
619 1917 844 1974 repurgari
875 1917 1006 1965 iubet,
1041 1914 1249 1971 quicquid
1280 1915 1445 1970 ingredi
1477 1931 1638 1971 pos-26

213 2001 327 2035 sent:
358 1994 528 2043 deinde,
569 1999 619 2033 ut
648 1989 942 2032 occurrebant
970 1987 1108 2029 inviae
1144 1996 1264 2029 cotes
1293 1995 1576 2044 praeruptae·
1690 1982 1694 2058 ξ

215 2082 300 2123 que
343 2081 494 2123 rupes,
534 2064 679 2106 irritus
726 2063 852 2103 labor
889 2061 1118 2101 videbatur
1156 2061 1360 2101 obstante
1399 2067 1570 2101 natura.
1691 2061 1693 2090 ἓ

212 2138 301 2189 lile,
341 2146 390 2180 ut
422 2146 515 2180 erat
552 2137 686 2178 animi
725 2149 900 2191 semper
936 2133 1199 2175 obluctantis
1228 2131 1631 2184 difficultatibus‚27
1687 2153 1691 2170 ι

214 2226 316 2252 cum
349 2219 392 2252 et
421 2209 626 2268 progredi
654 2209 854 2257 arduum,
883 2214 926 2247 et
952 2207 1109 2247 reverti
1128 2205 1423 2262 periculosum
1453 2212 1574 2255 esset,
1615 2226 1619 2243 ;

211 2284 412 2325 versabat
441 2299 485 2325 se
525 2283 580 2324 ad
605 2297 758 2323 omnes
790 2279 1088 2337 cogitationes,
1131 2277 1245 2319 aliud
1286 2285 1416 2334 atque
1446 2277 1575 2327 aliud,

212 2355 271 2398 ita
306 2364 356 2398 ut
394 2355 487 2397 fieri
513 2355 633 2403 solet,
666 2354 741 2395 ubi
769 2354 908 2408 prima
942 2366 1140 2410 quaeque
1173 2341 1447 2401 damnamus,
1476 2351 1574 2391 sub-

213 2491 228 2514 1
253 2491 386 2524 literae
414 2491 462 2524 ei.
622 2488 643 2514 2
672 2495 874 2534 satrapem.
1044 2487 1064 2517 3
1087 2500 1163 2520 non
1193 2495 1250 2522 est
1277 2489 1318 2519 in
1345 2485 1456 2519 libris
1483 2498 1567 2520 mss.

300 2546 322 2575 4
348 2552 501 2578 strenue
524 2543 628 2577 facto
655 2543 804 2577 itinere.
862 2542 881 2570 5
908 2551 980 2573 nec
1007 2542 1146 2574 enim.
1205 2539 1225 2564 6
1251 2548 1339 2574 erat.
1388 2541 1404 2567 7
1430 2542 1569 2585 largae.

298 2598 316 2625 8
346 2599 580 2632 circumitus.
715 2597 736 2623 9
759 2597 843 2630 sine
869 2594 1027 2628 stellula
1055 2593 1278 2628 indicatura
1298 2595 1421 2628 videri
1447 2607 1571 2627 vocem

296 2652 469 2698 aliquam
495 2651 694 2687 excidisse.
834 2649 877 2674 10
904 2649 1056 2683 horum.
1202 2651 1245 2674 Π
1272 2660 1360 2682 eum
1388 2647 1530 2683 abesse.
