<?xml version="1.0" encoding="UTF-8"?>
<!DOCTYPE html PUBLIC "-//W3C//DTD XHTML 1.0 Transitional//EN"
    "http://www.w3.org/TR/xhtml1/DTD/xhtml1-transitional.dtd">
<html xmlns="http://www.w3.org/1999/xhtml" xml:lang="en" lang="en">
 <head>
  <title>
</title>
<meta http-equiv="Content-Type" content="text/html;charset=utf-8" />
  <meta name='ocr-system' content='tesseract 3.04.00' />
  <meta name='ocr-capabilities' content='ocr_page ocr_carea ocr_par ocr_line ocrx_word'/>
</head>
<body>
  <div class='ocr_page' id='page_1' title='image "./degestisalexandr00curtuoft_0300.png"; bbox 0 0 1703 2961; ppageno 0'>
   <div class='ocr_carea' id='block_1_1' title="bbox 265 54 1703 806">
    <p class='ocr_par' dir='ltr' id='par_1_1' title="bbox 265 54 1703 806">
     <span class='ocr_line' id='line_1_1' title="bbox 1681 54 1684 76; baseline 0 0"><span class='ocrx_word' id='word_1_1' title='bbox 1681 54 1684 76; x_wconf 78' lang='lat' dir='ltr'>l</span> 
     </span>
     <span class='ocr_line' id='line_1_2' title="bbox 269 109 1684 182; baseline 0.008 -17"><span class='ocrx_word' id='word_1_2' title='bbox 269 122 352 166; x_wconf 82' lang='lat'>236</span> <span class='ocrx_word' id='word_1_3' title='bbox 733 125 789 182; x_wconf 85' lang='lat' dir='ltr'>Q.</span> <span class='ocrx_word' id='word_1_4' title='bbox 821 125 1027 171; x_wconf 69' lang='lat' dir='ltr'>cuam</span> <span class='ocrx_word' id='word_1_5' title='bbox 1054 126 1198 172; x_wconf 72' lang='lat' dir='ltr'>nun</span> <span class='ocrx_word' id='word_1_6' title='bbox 1681 109 1684 162; x_wconf 71' lang='grc' dir='ltr'>ἲ</span> 
     </span>
     <span class='ocr_line' id='line_1_3' title="bbox 269 233 1703 301; baseline 0.007 -25"><span class='ocrx_word' id='word_1_7' title='bbox 269 235 327 277; x_wconf 88' lang='lat' dir='ltr'>ris</span> <span class='ocrx_word' id='word_1_8' title='bbox 359 233 576 278; x_wconf 85' lang='lat' dir='ltr'>trahebat.</span> <span class='ocrx_word' id='word_1_9' title='bbox 649 237 708 280; x_wconf 81' lang='lat' dir='ltr'>At</span> <span class='ocrx_word' id='word_1_10' title='bbox 739 237 850 287; x_wconf 91' lang='lat' dir='ltr'>illos,</span> <span class='ocrx_word' id='word_1_11' title='bbox 889 256 999 298; x_wconf 89' lang='lat' dir='ltr'>quos</span> <span class='ocrx_word' id='word_1_12' title='bbox 1037 248 1156 284; x_wconf 89' lang='lat' dir='ltr'>utres</span> <span class='ocrx_word' id='word_1_13' title='bbox 1196 246 1440 285; x_wconf 80' lang='lat' dir='ltr'>stramento</span> <span class='ocrx_word' id='word_1_14' title='bbox 1474 242 1629 300; x_wconf 86' lang='lat' dir='ltr'>repleti</span> <span class='ocrx_word' id='word_1_15' title='bbox 1681 240 1703 301; x_wconf 63' lang='lat' dir='ltr'>li</span> 
     </span>
     <span class='ocr_line' id='line_1_4' title="bbox 268 302 1699 371; baseline 0.007 -23"><span class='ocrx_word' id='word_1_16' title='bbox 268 306 511 355; x_wconf 51' lang='lat' dir='ltr'>vsseliebant</span> <span class='ocrx_word' id='word_1_17' title='bbox 560 309 759 353; x_wconf 89' lang='lat' dir='ltr'>obiectae</span> <span class='ocrx_word' id='word_1_18' title='bbox 803 319 917 355; x_wconf 89' lang='lat' dir='ltr'>rates</span> <span class='ocrx_word' id='word_1_19' title='bbox 956 314 1209 356; x_wconf 87' lang='lat' dir='ltr'>tuebantur.</span> <span class='ocrx_word' id='word_1_20' title='bbox 1274 315 1374 371; x_wconf 88' lang='lat' dir='ltr'>Ipse</span> <span class='ocrx_word' id='word_1_21' title='bbox 1413 323 1488 356; x_wconf 67' lang='lat' dir='ltr'>rex·</span> <span class='ocrx_word' id='word_1_22' title='bbox 1527 329 1630 356; x_wconf 90' lang='lat' dir='ltr'>cum</span> <span class='ocrx_word' id='word_1_23' title='bbox 1657 302 1699 367; x_wconf 59' lang='grc' dir='ltr'>εἶι</span> 
     </span>
     <span class='ocr_line' id='line_1_5' title="bbox 269 371 1699 466; baseline 0.006 -47"><span class='ocrx_word' id='word_1_24' title='bbox 269 379 446 420; x_wconf 87' lang='lat' dir='ltr'>delectis</span> <span class='ocrx_word' id='word_1_25' title='bbox 473 380 640 437; x_wconf 89' lang='lat' dir='ltr'>primus</span> <span class='ocrx_word' id='word_1_26' title='bbox 680 390 823 424; x_wconf 89' lang='lat' dir='ltr'>ratem</span> <span class='ocrx_word' id='word_1_27' title='bbox 852 385 990 436; x_wconf 85' lang='lat' dir='ltr'>solvit,</span> <span class='ocrx_word' id='word_1_28' title='bbox 1024 393 1068 428; x_wconf 88' lang='lat' dir='ltr'>et</span> <span class='ocrx_word' id='word_1_29' title='bbox 1097 385 1143 427; x_wconf 91' lang='lat' dir='ltr'>in</span> <span class='ocrx_word' id='word_1_30' title='bbox 1171 385 1311 442; x_wconf 82' lang='lat' dir='ltr'>ripam</span> <span class='ocrx_word' id='word_1_31' title='bbox 1347 386 1470 444; x_wconf 75' lang='lat' dir='ltr'>dirigi</span> <span class='ocrx_word' id='word_1_32' title='bbox 1498 386 1632 431; x_wconf 85' lang='lat' dir='ltr'>iussit.</span> <span class='ocrx_word' id='word_1_33' title='bbox 1653 371 1699 466; x_wconf 52' lang='lat' dir='ltr'>li.</span> 
     </span>
     <span class='ocr_line' id='line_1_6' title="bbox 269 450 1701 556; baseline 0.007 -64"><span class='ocrx_word' id='word_1_34' title='bbox 269 450 354 493; x_wconf 81' lang='lat' dir='ltr'>Cui</span> <span class='ocrx_word' id='word_1_35' title='bbox 386 453 578 510; x_wconf 78' lang='lat' dir='ltr'>Scythae</span> <span class='ocrx_word' id='word_1_36' title='bbox 603 454 809 497; x_wconf 88' lang='lat' dir='ltr'>admotos</span> <span class='ocrx_word' id='word_1_37' title='bbox 839 458 1015 500; x_wconf 85' lang='lat' dir='ltr'>ordines</span> <span class='ocrx_word' id='word_1_38' title='bbox 1036 459 1233 515; x_wconf 89' lang='lat' dir='ltr'>equitum</span> <span class='ocrx_word' id='word_1_39' title='bbox 1264 458 1309 500; x_wconf 94' lang='lat' dir='ltr'>in</span> <span class='ocrx_word' id='word_1_40' title='bbox 1339 457 1484 515; x_wconf 89' lang='lat' dir='ltr'>primo</span> <span class='ocrx_word' id='word_1_41' title='bbox 1513 457 1633 514; x_wconf 83' lang='lat' dir='ltr'>ripae</span> <span class='ocrx_word' id='word_1_42' title='bbox 1683 451 1701 556; x_wconf 51' lang='grc' dir='ltr'><strong><em>Τ</em></strong></span> 
     </span>
     <span class='ocr_line' id='line_1_7' title="bbox 267 524 1701 604; baseline 0.005 -38"><span class='ocrx_word' id='word_1_43' title='bbox 267 524 464 581; x_wconf 73' lang='lat' dir='ltr'>margine</span> <span class='ocrx_word' id='word_1_44' title='bbox 505 535 760 583; x_wconf 84' lang='lat' dir='ltr'>opponunt,</span> <span class='ocrx_word' id='word_1_45' title='bbox 813 537 863 571; x_wconf 89' lang='lat' dir='ltr'>ut</span> <span class='ocrx_word' id='word_1_46' title='bbox 907 546 963 572; x_wconf 89' lang='lat' dir='ltr'>ne</span> <span class='ocrx_word' id='word_1_47' title='bbox 1002 531 1211 587; x_wconf 83' lang='lat' dir='ltr'>applicari</span> <span class='ocrx_word' id='word_1_48' title='bbox 1261 530 1442 588; x_wconf 90' lang='lat' dir='ltr'>quidem</span> <span class='ocrx_word' id='word_1_49' title='bbox 1489 537 1633 572; x_wconf 83' lang='lat' dir='ltr'>terrae</span> <span class='ocrx_word' id='word_1_50' title='bbox 1684 554 1701 604; x_wconf 61' lang='lat' dir='ltr'>Sl</span> 
     </span>
     <span class='ocr_line' id='line_1_8' title="bbox 267 592 1703 671; baseline 0.008 -35"><span class='ocrx_word' id='word_1_51' title='bbox 267 603 380 638; x_wconf 88' lang='lat' dir='ltr'>rates</span> <span class='ocrx_word' id='word_1_52' title='bbox 427 605 616 653; x_wconf 85' lang='lat' dir='ltr'><strong>possent.</strong></span> <span class='ocrx_word' id='word_1_53' title='bbox 683 598 894 643; x_wconf 86' lang='lat' dir='ltr'>Ceterum</span> <span class='ocrx_word' id='word_1_54' title='bbox 947 609 1123 658; x_wconf 84' lang='lat' dir='ltr'>praeter</span> <span class='ocrx_word' id='word_1_55' title='bbox 1156 602 1273 646; x_wconf 88' lang='lat' dir='ltr'>hanc</span> <span class='ocrx_word' id='word_1_56' title='bbox 1307 602 1499 659; x_wconf 85' lang='lat' dir='ltr'>speciem</span> <span class='ocrx_word' id='word_1_57' title='bbox 1526 602 1631 660; x_wconf 80' lang='lat' dir='ltr'>ripis</span> <span class='ocrx_word' id='word_1_58' title='bbox 1649 592 1703 671; x_wconf 59' lang='lat' dir='ltr'>§ll</span> 
     </span>
     <span class='ocr_line' id='line_1_9' title="bbox 265 668 1701 732; baseline 0.006 -24"><span class='ocrx_word' id='word_1_59' title='bbox 265 668 554 725; x_wconf 89' lang='lat' dir='ltr'>praesidentis</span> <span class='ocrx_word' id='word_1_60' title='bbox 592 673 818 724; x_wconf 87' lang='lat' dir='ltr'>exercitus,</span> <span class='ocrx_word' id='word_1_61' title='bbox 862 674 1012 731; x_wconf 76' lang='lat' dir='ltr'>ingens</span> <span class='ocrx_word' id='word_1_62' title='bbox 1051 675 1302 732; x_wconf 79' lang='lat' dir='ltr'>navigantes</span> <span class='ocrx_word' id='word_1_63' title='bbox 1342 682 1487 716; x_wconf 85' lang='lat' dir='ltr'>terror</span> <span class='ocrx_word' id='word_1_64' title='bbox 1516 675 1633 716; x_wconf 86' lang='lat' dir='ltr'>inva-</span> <span class='ocrx_word' id='word_1_65' title='bbox 1692 675 1701 712; x_wconf 61' lang='grc' dir='ltr'>ἓ</span> 
     </span>
     <span class='ocr_line' id='line_1_10' title="bbox 267 743 1697 806; baseline 0.008 -27"><span class='ocrx_word' id='word_1_66' title='bbox 267 748 401 782; x_wconf 85' lang='lat' dir='ltr'>serat:</span> <span class='ocrx_word' id='word_1_67' title='bbox 441 757 635 801; x_wconf 89' lang='lat' dir='ltr'>namque</span> <span class='ocrx_word' id='word_1_68' title='bbox 680 760 858 787; x_wconf 90' lang='lat' dir='ltr'>cursum</span> <span class='ocrx_word' id='word_1_69' title='bbox 907 747 1245 804; x_wconf 76' lang='lat' dir='ltr'>gubernatores,</span> <span class='ocrx_word' id='word_1_70' title='bbox 1295 762 1398 790; x_wconf 89' lang='lat' dir='ltr'>cum</span> <span class='ocrx_word' id='word_1_71' title='bbox 1450 747 1630 806; x_wconf 91' lang='lat' dir='ltr'>obliquo</span> <span class='ocrx_word' id='word_1_72' title='bbox 1695 743 1697 751; x_wconf 41' lang='lat'><strong>¹</strong></span> 
     </span>
    </p>
   </div>
   <div class='ocr_carea' id='block_1_2' title="bbox 1679 670 1703 1097">
    <p class='ocr_par' dir='ltr' id='par_1_2' title="bbox 1679 670 1703 1097">
     <span class='ocr_line' id='line_1_11' title="bbox 1679 670 1703 1097; baseline 0 -46"><span class='ocrx_word' id='word_1_73' title='bbox 1679 670 1703 1097; x_wconf 95' lang='lat' dir='ltr'>   </span> 
     </span>
    </p>
   </div>
   <div class='ocr_carea' id='block_1_3' title="bbox 198 812 1703 1965">
    <p class='ocr_par' dir='ltr' id='par_1_3' title="bbox 198 812 1703 1965">
     <span class='ocr_line' id='line_1_12' title="bbox 267 812 1690 876; baseline 0.008 -24"><span class='ocrx_word' id='word_1_74' title='bbox 267 812 449 855; x_wconf 86' lang='lat' dir='ltr'>flumine</span> <span class='ocrx_word' id='word_1_75' title='bbox 490 815 833 872; x_wconf 78' lang='lat' dir='ltr'>impellerentur,</span> <span class='ocrx_word' id='word_1_76' title='bbox 875 834 1023 876; x_wconf 76' lang='lat' dir='ltr'>regere</span> <span class='ocrx_word' id='word_1_77' title='bbox 1061 835 1153 861; x_wconf 89' lang='lat' dir='ltr'>non</span> <span class='ocrx_word' id='word_1_78' title='bbox 1181 825 1400 876; x_wconf 73' lang='lat' dir='ltr'>poterant,</span> <span class='ocrx_word' id='word_1_79' title='bbox 1432 819 1630 862; x_wconf 85' lang='lat' dir='ltr'>vacillan-</span> <span class='ocrx_word' id='word_1_80' title='bbox 1685 850 1690 867; x_wconf 85' lang='lat'>.</span> 
     </span>
     <span class='ocr_line' id='line_1_13' title="bbox 265 887 1667 942; baseline 0.007 -17"><span class='ocrx_word' id='word_1_81' title='bbox 265 891 419 942; x_wconf 80' lang='lat' dir='ltr'>tesque</span> <span class='ocrx_word' id='word_1_82' title='bbox 462 887 634 939; x_wconf 83' lang='lat' dir='ltr'>milites,</span> <span class='ocrx_word' id='word_1_83' title='bbox 680 898 723 932; x_wconf 90' lang='lat' dir='ltr'>et</span> <span class='ocrx_word' id='word_1_84' title='bbox 754 908 809 933; x_wconf 90' lang='lat' dir='ltr'>ne</span> <span class='ocrx_word' id='word_1_85' title='bbox 842 899 1151 934; x_wconf 86' lang='lat' dir='ltr'>excuterentur</span> <span class='ocrx_word' id='word_1_86' title='bbox 1179 892 1365 940; x_wconf 78' lang='lat' dir='ltr'>solliciti,</span> <span class='ocrx_word' id='word_1_87' title='bbox 1395 900 1632 942; x_wconf 81' lang='lat' dir='ltr'>nautarum</span> <span class='ocrx_word' id='word_1_88' title='bbox 1659 894 1667 899; x_wconf 77' lang='grc'><em>’</em></span> 
     </span>
     <span class='ocr_line' id='line_1_14' title="bbox 265 957 1692 1021; baseline 0.007 -24"><span class='ocrx_word' id='word_1_89' title='bbox 265 957 508 1000; x_wconf 88' lang='lat' dir='ltr'>ministeria</span> <span class='ocrx_word' id='word_1_90' title='bbox 538 961 835 1005; x_wconf 89' lang='lat' dir='ltr'>turbaverant.</span> <span class='ocrx_word' id='word_1_91' title='bbox 878 965 946 1005; x_wconf 83' lang='lat' dir='ltr'>Ne</span> <span class='ocrx_word' id='word_1_92' title='bbox 978 964 1059 1006; x_wconf 86' lang='lat' dir='ltr'>tela</span> <span class='ocrx_word' id='word_1_93' title='bbox 1093 964 1272 1021; x_wconf 88' lang='lat' dir='ltr'>quidem</span> <span class='ocrx_word' id='word_1_94' title='bbox 1312 965 1458 1006; x_wconf 89' lang='lat' dir='ltr'>conati</span> <span class='ocrx_word' id='word_1_95' title='bbox 1499 966 1627 1007; x_wconf 89' lang='lat' dir='ltr'>nisu¹</span> <span class='ocrx_word' id='word_1_96' title='bbox 1662 969 1692 1003; x_wconf 63' lang='lat'>⁷*</span> 
     </span>
     <span class='ocr_line' id='line_1_15' title="bbox 265 1028 1633 1095; baseline 0.008 -26"><span class='ocrx_word' id='word_1_97' title='bbox 265 1028 436 1072; x_wconf 85' lang='lat' dir='ltr'>vibrare</span> <span class='ocrx_word' id='word_1_98' title='bbox 463 1039 682 1089; x_wconf 82' lang='lat' dir='ltr'>poterant,</span> <span class='ocrx_word' id='word_1_99' title='bbox 713 1051 815 1077; x_wconf 90' lang='lat' dir='ltr'>curn</span> <span class='ocrx_word' id='word_1_100' title='bbox 842 1036 965 1093; x_wconf 87' lang='lat' dir='ltr'>prior</span> <span class='ocrx_word' id='word_1_101' title='bbox 991 1037 1133 1078; x_wconf 87' lang='lat' dir='ltr'>standi</span> <span class='ocrx_word' id='word_1_102' title='bbox 1153 1036 1244 1078; x_wconf 90' lang='lat' dir='ltr'>sine</span> <span class='ocrx_word' id='word_1_103' title='bbox 1264 1036 1473 1093; x_wconf 88' lang='lat' dir='ltr'>periculo,</span> <span class='ocrx_word' id='word_1_104' title='bbox 1499 1053 1633 1095; x_wconf 87' lang='lat' dir='ltr'>quam</span> 
     </span>
     <span class='ocr_line' id='line_1_16' title="bbox 264 1100 1634 1152; baseline 0.008 -11"><span class='ocrx_word' id='word_1_105' title='bbox 264 1100 437 1146; x_wconf 85' lang='lat' dir='ltr'>hostem</span> <span class='ocrx_word' id='word_1_106' title='bbox 482 1104 723 1148; x_wconf 87' lang='lat' dir='ltr'>incessendi</span> <span class='ocrx_word' id='word_1_107' title='bbox 765 1124 870 1150; x_wconf 88' lang='lat' dir='ltr'>cura</span> <span class='ocrx_word' id='word_1_108' title='bbox 913 1116 1036 1150; x_wconf 87' lang='lat' dir='ltr'>esset.</span> <span class='ocrx_word' id='word_1_109' title='bbox 1110 1110 1354 1150; x_wconf 77' lang='lat' dir='ltr'>Tormenta</span> <span class='ocrx_word' id='word_1_110' title='bbox 1383 1110 1508 1151; x_wconf 91' lang='lat' dir='ltr'>saluti</span> <span class='ocrx_word' id='word_1_111' title='bbox 1541 1110 1634 1152; x_wconf 82' lang='lat' dir='ltr'>fue-</span> 
     </span>
     <span class='ocr_line' id='line_1_17' title="bbox 266 1159 1691 1254; baseline 0.006 -40"><span class='ocrx_word' id='word_1_112' title='bbox 266 1182 384 1226; x_wconf 89' lang='lat' dir='ltr'>runt,</span> <span class='ocrx_word' id='word_1_113' title='bbox 412 1177 570 1233; x_wconf 89' lang='lat' dir='ltr'>quibus</span> <span class='ocrx_word' id='word_1_114' title='bbox 600 1177 644 1218; x_wconf 92' lang='lat' dir='ltr'>in</span> <span class='ocrx_word' id='word_1_115' title='bbox 659 1180 883 1221; x_wconf 83' lang='lat' dir='ltr'>confertos</span> <span class='ocrx_word' id='word_1_116' title='bbox 914 1197 964 1223; x_wconf 91' lang='lat' dir='ltr'>ac</span> <span class='ocrx_word' id='word_1_117' title='bbox 993 1189 1159 1222; x_wconf 87' lang='lat' dir='ltr'>temere</span> <span class='ocrx_word' id='word_1_118' title='bbox 1190 1197 1234 1223; x_wconf 87' lang='lat' dir='ltr'>se</span> <span class='ocrx_word' id='word_1_119' title='bbox 1251 1181 1488 1223; x_wconf 75' lang='lat' dir='ltr'>offerentes</span> <span class='ocrx_word' id='word_1_120' title='bbox 1509 1181 1630 1223; x_wconf 89' lang='lat' dir='ltr'>haud</span> <span class='ocrx_word' id='word_1_121' title='bbox 1686 1159 1691 1254; x_wconf 58' lang='grc' dir='ltr'>ξ</span> 
     </span>
     <span class='ocr_line' id='line_1_18' title="bbox 263 1243 1701 1351; baseline 0.006 -65"><span class='ocrx_word' id='word_1_122' title='bbox 263 1243 424 1288; x_wconf 86' lang='lat' dir='ltr'>frustra</span> <span class='ocrx_word' id='word_1_123' title='bbox 461 1264 637 1290; x_wconf 85' lang='lat' dir='ltr'>excussa</span> <span class='ocrx_word' id='word_1_124' title='bbox 675 1258 777 1291; x_wconf 88' lang='lat' dir='ltr'>sunt</span> <span class='ocrx_word' id='word_1_125' title='bbox 814 1252 911 1293; x_wconf 84' lang='lat' dir='ltr'>tela.</span> <span class='ocrx_word' id='word_1_126' title='bbox 979 1253 1166 1294; x_wconf 81' lang='lat' dir='ltr'>Barbari</span> <span class='ocrx_word' id='word_1_127' title='bbox 1196 1269 1372 1309; x_wconf 85' lang='lat' dir='ltr'>quoque</span> <span class='ocrx_word' id='word_1_128' title='bbox 1406 1255 1629 1310; x_wconf 78' lang='lat' dir='ltr'>ingentem</span> <span class='ocrx_word' id='word_1_129' title='bbox 1661 1251 1701 1351; x_wconf 67' lang='grc' dir='ltr'>8Ιῇ</span> 
     </span>
     <span class='ocr_line' id='line_1_19' title="bbox 263 1316 1698 1380; baseline 0.005 -22"><span class='ocrx_word' id='word_1_130' title='bbox 263 1317 354 1359; x_wconf 89' lang='lat' dir='ltr'>vim</span> <span class='ocrx_word' id='word_1_131' title='bbox 393 1320 651 1376; x_wconf 75' lang='lat' dir='ltr'>sagittarum</span> <span class='ocrx_word' id='word_1_132' title='bbox 689 1322 889 1365; x_wconf 86' lang='lat' dir='ltr'>infudere</span> <span class='ocrx_word' id='word_1_133' title='bbox 926 1324 1106 1365; x_wconf 87' lang='lat' dir='ltr'>ratibus.</span> <span class='ocrx_word' id='word_1_134' title='bbox 1162 1324 1334 1380; x_wconf 76' lang='lat' dir='ltr'>Vixque</span> <span class='ocrx_word' id='word_1_135' title='bbox 1375 1324 1512 1365; x_wconf 89' lang='lat' dir='ltr'>ullum</span> <span class='ocrx_word' id='word_1_136' title='bbox 1548 1324 1633 1366; x_wconf 83' lang='lat' dir='ltr'>fuit</span> <span class='ocrx_word' id='word_1_137' title='bbox 1687 1316 1698 1362; x_wconf 68' lang='lat' dir='ltr'>l</span> 
     </span>
     <span class='ocr_line' id='line_1_20' title="bbox 263 1363 1697 1452; baseline 0.004 -22"><span class='ocrx_word' id='word_1_138' title='bbox 263 1397 453 1441; x_wconf 90' lang='lat' dir='ltr'>scutum,</span> <span class='ocrx_word' id='word_1_139' title='bbox 485 1395 604 1448; x_wconf 86' lang='lat' dir='ltr'>quod</span> <span class='ocrx_word' id='word_1_140' title='bbox 636 1410 728 1436; x_wconf 91' lang='lat' dir='ltr'>non</span> <span class='ocrx_word' id='word_1_141' title='bbox 745 1395 944 1452; x_wconf 84' lang='lat' dir='ltr'>pluribus</span> <span class='ocrx_word' id='word_1_142' title='bbox 972 1395 1099 1437; x_wconf 88' lang='lat' dir='ltr'>simul</span> <span class='ocrx_word' id='word_1_143' title='bbox 1118 1395 1290 1450; x_wconf 90' lang='lat' dir='ltr'>spiculis</span> <span class='ocrx_word' id='word_1_144' title='bbox 1319 1395 1631 1452; x_wconf 85' lang='lat' dir='ltr'>perforaretur.</span> <span class='ocrx_word' id='word_1_145' title='bbox 1685 1363 1697 1436; x_wconf 79' lang='lat' dir='ltr'>li</span> 
     </span>
     <span class='ocr_line' id='line_1_21' title="bbox 198 1438 1703 1525; baseline 0.007 -21"><span class='ocrx_word' id='word_1_146' title='bbox 198 1458 253 1505; x_wconf 81' lang='grc'>57</span> <span class='ocrx_word' id='word_1_147' title='bbox 349 1467 536 1523; x_wconf 88' lang='lat' dir='ltr'>Iamque</span> <span class='ocrx_word' id='word_1_148' title='bbox 575 1475 718 1509; x_wconf 88' lang='lat' dir='ltr'>terrae</span> <span class='ocrx_word' id='word_1_149' title='bbox 759 1476 872 1509; x_wconf 87' lang='lat' dir='ltr'>rates</span> <span class='ocrx_word' id='word_1_150' title='bbox 911 1468 1257 1525; x_wconf 81' lang='lat' dir='ltr'>applicabantur,</span> <span class='ocrx_word' id='word_1_151' title='bbox 1286 1483 1388 1509; x_wconf 88' lang='lat' dir='ltr'>cum</span> <span class='ocrx_word' id='word_1_152' title='bbox 1417 1468 1530 1511; x_wconf 87' lang='lat' dir='ltr'>acics</span> <span class='ocrx_word' id='word_1_153' title='bbox 1560 1469 1632 1512; x_wconf 91' lang='lat' dir='ltr'>cli-</span> <span class='ocrx_word' id='word_1_154' title='bbox 1646 1438 1703 1517; x_wconf 71' lang='lat' dir='ltr'>§l</span> 
     </span>
     <span class='ocr_line' id='line_1_22' title="bbox 264 1518 1703 1610; baseline 0.002 -30"><span class='ocrx_word' id='word_1_155' title='bbox 264 1546 393 1595; x_wconf 78' lang='lat' dir='ltr'>pcata</span> <span class='ocrx_word' id='word_1_156' title='bbox 435 1540 669 1597; x_wconf 76' lang='lat' dir='ltr'>consurgit,</span> <span class='ocrx_word' id='word_1_157' title='bbox 713 1547 756 1581; x_wconf 89' lang='lat' dir='ltr'>et</span> <span class='ocrx_word' id='word_1_158' title='bbox 798 1540 945 1581; x_wconf 81' lang='lat' dir='ltr'>hastas</span> <span class='ocrx_word' id='word_1_159' title='bbox 987 1547 1109 1581; x_wconf 86' lang='lat' dir='ltr'>certo</span> <span class='ocrx_word' id='word_1_160' title='bbox 1147 1541 1259 1590; x_wconf 81' lang='lat' dir='ltr'>ictu,</span> <span class='ocrx_word' id='word_1_161' title='bbox 1299 1547 1452 1597; x_wconf 86' lang='lat' dir='ltr'>utpote</span> <span class='ocrx_word' id='word_1_162' title='bbox 1491 1541 1630 1584; x_wconf 87' lang='lat' dir='ltr'>libero</span> <span class='ocrx_word' id='word_1_163' title='bbox 1686 1518 1703 1610; x_wconf 55' lang='grc' dir='ltr'>Γ</span> 
     </span>
     <span class='ocr_line' id='line_1_23' title="bbox 264 1611 1701 1693; baseline 0.003 -41"><span class='ocrx_word' id='word_1_164' title='bbox 264 1611 383 1662; x_wconf 88' lang='lat' dir='ltr'>nisu,</span> <span class='ocrx_word' id='word_1_165' title='bbox 425 1612 563 1654; x_wconf 86' lang='lat' dir='ltr'>mittit</span> <span class='ocrx_word' id='word_1_166' title='bbox 602 1629 624 1654; x_wconf 90' lang='lat' dir='ltr'>e</span> <span class='ocrx_word' id='word_1_167' title='bbox 663 1612 843 1654; x_wconf 88' lang='lat' dir='ltr'>ratibus.</span> <span class='ocrx_word' id='word_1_168' title='bbox 909 1612 969 1653; x_wconf 87' lang='lat' dir='ltr'>Et</span> <span class='ocrx_word' id='word_1_169' title='bbox 1000 1619 1049 1653; x_wconf 90' lang='lat' dir='ltr'>ut</span> <span class='ocrx_word' id='word_1_170' title='bbox 1076 1612 1251 1654; x_wconf 88' lang='lat' dir='ltr'>territos</span> <span class='ocrx_word' id='word_1_171' title='bbox 1280 1612 1644 1693; x_wconf 82' lang='lat' dir='ltr'>recipientesque</span> <span class='ocrx_word' id='word_1_172' title='bbox 1655 1673 1658 1679; x_wconf 35' lang='grc' dir='ltr'>Ι</span> <span class='ocrx_word' id='word_1_173' title='bbox 1686 1616 1701 1687; x_wconf 48' lang='lat' dir='ltr'>li</span> 
     </span>
     <span class='ocr_line' id='line_1_24' title="bbox 264 1670 1700 1740; baseline 0.003 -17"><span class='ocrx_word' id='word_1_174' title='bbox 264 1697 401 1740; x_wconf 88' lang='lat' dir='ltr'>equos</span> <span class='ocrx_word' id='word_1_175' title='bbox 439 1684 601 1732; x_wconf 84' lang='lat' dir='ltr'>videre,</span> <span class='ocrx_word' id='word_1_176' title='bbox 634 1685 798 1727; x_wconf 86' lang='lat' dir='ltr'>alacres</span> <span class='ocrx_word' id='word_1_177' title='bbox 835 1682 990 1725; x_wconf 82' lang='lat' dir='ltr'>mutua</span> <span class='ocrx_word' id='word_1_178' title='bbox 1027 1684 1337 1726; x_wconf 84' lang='lat' dir='ltr'>adhortatione</span> <span class='ocrx_word' id='word_1_179' title='bbox 1378 1685 1423 1726; x_wconf 90' lang='lat' dir='ltr'>in</span> <span class='ocrx_word' id='word_1_180' title='bbox 1462 1693 1630 1728; x_wconf 88' lang='lat' dir='ltr'>terram</span> <span class='ocrx_word' id='word_1_181' title='bbox 1686 1670 1700 1739; x_wconf 69' lang='lat' dir='ltr'>l</span> 
     </span>
     <span class='ocr_line' id='line_1_25' title="bbox 264 1742 1701 1815; baseline 0.003 -18"><span class='ocrx_word' id='word_1_182' title='bbox 264 1755 488 1798; x_wconf 85' lang='lat' dir='ltr'>desiluere.</span> <span class='ocrx_word' id='word_1_183' title='bbox 504 1759 524 1782; x_wconf 82' lang='lat'><em>²</em></span> <span class='ocrx_word' id='word_1_184' title='bbox 586 1757 793 1799; x_wconf 86' lang='lat' dir='ltr'>Turbatis</span> <span class='ocrx_word' id='word_1_185' title='bbox 823 1756 982 1799; x_wconf 89' lang='lat' dir='ltr'>acriter</span> <span class='ocrx_word' id='word_1_186' title='bbox 1011 1757 1170 1811; x_wconf 88' lang='lat' dir='ltr'>pedem</span> <span class='ocrx_word' id='word_1_187' title='bbox 1194 1757 1354 1799; x_wconf 87' lang='lat' dir='ltr'>inferre</span> <span class='ocrx_word' id='word_1_188' title='bbox 1372 1765 1627 1815; x_wconf 85' lang='lat' dir='ltr'>coeperunt.</span> <span class='ocrx_word' id='word_1_189' title='bbox 1644 1742 1701 1801; x_wconf 63' lang='lat' dir='ltr'>teli</span> 
     </span>
     <span class='ocr_line' id='line_1_26' title="bbox 261 1804 1701 1889; baseline 0.003 -19"><span class='ocrx_word' id='word_1_190' title='bbox 261 1828 478 1887; x_wconf 85' lang='lat' dir='ltr'>Equitum</span> <span class='ocrx_word' id='word_1_191' title='bbox 502 1829 660 1872; x_wconf 90' lang='lat' dir='ltr'>deinde</span> <span class='ocrx_word' id='word_1_192' title='bbox 682 1836 869 1878; x_wconf 88' lang='lat' dir='ltr'>turmae,</span> <span class='ocrx_word' id='word_1_193' title='bbox 900 1844 1009 1886; x_wconf 87' lang='lat' dir='ltr'>quae</span> <span class='ocrx_word' id='word_1_194' title='bbox 1023 1828 1219 1871; x_wconf 90' lang='lat' dir='ltr'>frenatos</span> <span class='ocrx_word' id='word_1_195' title='bbox 1232 1829 1459 1872; x_wconf 88' lang='lat' dir='ltr'>habebant</span> <span class='ocrx_word' id='word_1_196' title='bbox 1478 1847 1627 1889; x_wconf 88' lang='lat' dir='ltr'>equos,</span> <span class='ocrx_word' id='word_1_197' title='bbox 1687 1804 1701 1874; x_wconf 64' lang='lat' dir='ltr'>{l</span> 
     </span>
     <span class='ocr_line' id='line_1_27' title="bbox 261 1851 1703 1965; baseline 0.002 -22"><span class='ocrx_word' id='word_1_198' title='bbox 261 1901 508 1959; x_wconf 78' lang='lat' dir='ltr'>perfregere</span> <span class='ocrx_word' id='word_1_199' title='bbox 538 1901 831 1943; x_wconf 88' lang='lat' dir='ltr'>barbarorum</span> <span class='ocrx_word' id='word_1_200' title='bbox 863 1901 1016 1943; x_wconf 87' lang='lat' dir='ltr'>aciem.</span> <span class='ocrx_word' id='word_1_201' title='bbox 1074 1901 1263 1943; x_wconf 89' lang='lat' dir='ltr'>Interim</span> <span class='ocrx_word' id='word_1_202' title='bbox 1293 1903 1424 1944; x_wconf 83' lang='lat' dir='ltr'>ceteri</span> <span class='ocrx_word' id='word_1_203' title='bbox 1457 1904 1629 1961; x_wconf 80' lang='lat' dir='ltr'>agmine</span> <span class='ocrx_word' id='word_1_204' title='bbox 1685 1851 1703 1965; x_wconf 56' lang='grc' dir='ltr'>ἑ</span> 
     </span>
    </p>
   </div>
   <div class='ocr_carea' id='block_1_4' title="bbox 263 1969 1692 2036">
    <p class='ocr_par' dir='ltr' id='par_1_4' title="bbox 263 1969 1692 2036">
     <span class='ocr_line' id='line_1_28' title="bbox 263 1969 1692 2036; baseline 0 -22"><span class='ocrx_word' id='word_1_205' title='bbox 263 1972 571 2033; x_wconf 81' lang='lat' dir='ltr'>dimicantium</span> <span class='ocrx_word' id='word_1_206' title='bbox 603 1975 710 2016; x_wconf 88' lang='lat' dir='ltr'>tecti</span> <span class='ocrx_word' id='word_1_207' title='bbox 751 1982 955 2031; x_wconf 86' lang='lat' dir='ltr'>aptavere</span> <span class='ocrx_word' id='word_1_208' title='bbox 985 1989 1028 2015; x_wconf 90' lang='lat' dir='ltr'>se</span> <span class='ocrx_word' id='word_1_209' title='bbox 1059 1989 1246 2031; x_wconf 72' lang='lat' dir='ltr'>pugnae.</span> <span class='ocrx_word' id='word_1_210' title='bbox 1285 1975 1382 2030; x_wconf 84' lang='lat' dir='ltr'>Ipse</span> <span class='ocrx_word' id='word_1_211' title='bbox 1399 1989 1483 2025; x_wconf 86' lang='lat' dir='ltr'>rex,</span> <span class='ocrx_word' id='word_1_212' title='bbox 1506 1975 1625 2033; x_wconf 89' lang='lat' dir='ltr'>quod</span> <span class='ocrx_word' id='word_1_213' title='bbox 1643 1969 1692 2036; x_wconf 54' lang='lat' dir='ltr'>ul</span> 
     </span>
    </p>
   </div>
   <div class='ocr_carea' id='block_1_5' title="bbox 1682 1966 1703 2399">
    <p class='ocr_par' dir='ltr' id='par_1_5' title="bbox 1682 1966 1703 2399">
     <span class='ocr_line' id='line_1_29' title="bbox 1682 1966 1703 2219; baseline 0 -151"><span class='ocrx_word' id='word_1_214' title='bbox 1682 1966 1703 2219; x_wconf 95' lang='lat' dir='ltr'>  </span> 
     </span>
     <span class='ocr_line' id='line_1_30' title="bbox 1682 2219 1703 2399; baseline 0 -165"><span class='ocrx_word' id='word_1_215' title='bbox 1682 2219 1686 2234; x_wconf 95' lang='lat' dir='ltr'> </span> <span class='ocrx_word' id='word_1_216' title='bbox 1691 2219 1703 2399; x_wconf 95' lang='lat' dir='ltr'>   </span> 
     </span>
    </p>
   </div>
   <div class='ocr_carea' id='block_1_6' title="bbox 260 2047 1691 2394">
    <p class='ocr_par' dir='ltr' id='par_1_6' title="bbox 260 2047 1691 2394">
     <span class='ocr_line' id='line_1_31' title="bbox 260 2047 1691 2104; baseline 0.002 -17"><span class='ocrx_word' id='word_1_217' title='bbox 260 2047 418 2103; x_wconf 73' lang='lat' dir='ltr'>vigoris</span> <span class='ocrx_word' id='word_1_218' title='bbox 459 2062 588 2104; x_wconf 75' lang='lat' dir='ltr'>aegro</span> <span class='ocrx_word' id='word_1_219' title='bbox 630 2047 775 2089; x_wconf 91' lang='lat' dir='ltr'>adhuc</span> <span class='ocrx_word' id='word_1_220' title='bbox 808 2047 1019 2103; x_wconf 82' lang='lat' dir='ltr'>corpori3</span> <span class='ocrx_word' id='word_1_221' title='bbox 1058 2047 1219 2097; x_wconf 87' lang='lat' dir='ltr'>deerat,</span> <span class='ocrx_word' id='word_1_222' title='bbox 1253 2047 1387 2089; x_wconf 87' lang='lat' dir='ltr'>animi</span> <span class='ocrx_word' id='word_1_223' title='bbox 1419 2047 1625 2090; x_wconf 85' lang='lat' dir='ltr'>firmitate</span> <span class='ocrx_word' id='word_1_224' title='bbox 1687 2052 1691 2079; x_wconf 75' lang='lat'><em>³</em></span> 
     </span>
     <span class='ocr_line' id='line_1_32' title="bbox 261 2104 1691 2176; baseline 0.001 -16"><span class='ocrx_word' id='word_1_225' title='bbox 261 2119 501 2176; x_wconf 87' lang='lat' dir='ltr'>supplebat.</span> <span class='ocrx_word' id='word_1_226' title='bbox 565 2121 665 2162; x_wconf 86' lang='lat' dir='ltr'>Vox</span> <span class='ocrx_word' id='word_1_227' title='bbox 691 2119 965 2161; x_wconf 81' lang='lat' dir='ltr'>adhortantis</span> <span class='ocrx_word' id='word_1_228' title='bbox 1005 2104 1095 2160; x_wconf 74' lang='lat' dir='ltr'>non</span> <span class='ocrx_word' id='word_1_229' title='bbox 1122 2128 1300 2176; x_wconf 82' lang='lat' dir='ltr'>poterat</span> <span class='ocrx_word' id='word_1_230' title='bbox 1332 2121 1486 2171; x_wconf 88' lang='lat' dir='ltr'>audiri,</span> <span class='ocrx_word' id='word_1_231' title='bbox 1517 2136 1625 2162; x_wconf 89' lang='lat' dir='ltr'>non-</span> <span class='ocrx_word' id='word_1_232' title='bbox 1688 2110 1691 2146; x_wconf 56' lang='lat' dir='ltr'>s</span> 
     </span>
     <span class='ocr_line' id='line_1_33' title="bbox 261 2192 1691 2256; baseline 0 -22"><span class='ocrx_word' id='word_1_233' title='bbox 261 2193 369 2234; x_wconf 89' lang='lat' dir='ltr'>dum</span> <span class='ocrx_word' id='word_1_234' title='bbox 401 2193 513 2234; x_wconf 85' lang='lat' dir='ltr'>bene</span> <span class='ocrx_word' id='word_1_235' title='bbox 546 2192 739 2234; x_wconf 86' lang='lat' dir='ltr'>obducta</span> <span class='ocrx_word' id='word_1_236' title='bbox 771 2192 973 2234; x_wconf 79' lang='lat' dir='ltr'>cicatrice</span> <span class='ocrx_word' id='word_1_237' title='bbox 1006 2193 1200 2240; x_wconf 65' lang='lat' dir='ltr'>cervicis,</span> <span class='ocrx_word' id='word_1_238' title='bbox 1233 2192 1307 2233; x_wconf 83' lang='lat' dir='ltr'>sed</span> <span class='ocrx_word' id='word_1_239' title='bbox 1336 2192 1624 2234; x_wconf 87' lang='lat' dir='ltr'>dimicantem</span> <span class='ocrx_word' id='word_1_240' title='bbox 1686 2219 1691 2256; x_wconf 69' lang='lat'>5</span> 
     </span>
     <span class='ocr_line' id='line_1_34' title="bbox 261 2257 1691 2322; baseline 0.001 -17"><span class='ocrx_word' id='word_1_241' title='bbox 261 2263 409 2306; x_wconf 87' lang='lat' dir='ltr'>cuncti</span> <span class='ocrx_word' id='word_1_242' title='bbox 439 2263 659 2306; x_wconf 79' lang='lat' dir='ltr'>videbant.</span> <span class='ocrx_word' id='word_1_243' title='bbox 709 2266 860 2322; x_wconf 86' lang='lat' dir='ltr'>Itaque</span> <span class='ocrx_word' id='word_1_244' title='bbox 891 2264 1008 2321; x_wconf 81' lang='lat' dir='ltr'>ipsi4</span> <span class='ocrx_word' id='word_1_245' title='bbox 1039 2265 1205 2306; x_wconf 88' lang='lat' dir='ltr'>ducum</span> <span class='ocrx_word' id='word_1_246' title='bbox 1237 2263 1533 2320; x_wconf 73' lang='lat' dir='ltr'>[ungebantur</span> <span class='ocrx_word' id='word_1_247' title='bbox 1561 2257 1691 2320; x_wconf 58' lang='grc' dir='ltr'>οἷ’-αξ</span> 
     </span>
     <span class='ocr_line' id='line_1_35' title="bbox 260 2335 1691 2394; baseline -0.001 -15"><span class='ocrx_word' id='word_1_248' title='bbox 260 2335 375 2387; x_wconf 87' lang='lat' dir='ltr'>ficio,</span> <span class='ocrx_word' id='word_1_249' title='bbox 412 2335 605 2394; x_wconf 90' lang='lat' dir='ltr'>aliusque</span> <span class='ocrx_word' id='word_1_250' title='bbox 646 2336 782 2378; x_wconf 89' lang='lat' dir='ltr'>alium</span> <span class='ocrx_word' id='word_1_251' title='bbox 824 2336 1062 2387; x_wconf 85' lang='lat' dir='ltr'>adhortati,</span> <span class='ocrx_word' id='word_1_252' title='bbox 1097 2336 1142 2378; x_wconf 87' lang='lat' dir='ltr'>in</span> <span class='ocrx_word' id='word_1_253' title='bbox 1168 2336 1345 2377; x_wconf 87' lang='lat' dir='ltr'>hostem</span> <span class='ocrx_word' id='word_1_254' title='bbox 1371 2335 1517 2378; x_wconf 88' lang='lat' dir='ltr'>salutis</span> <span class='ocrx_word' id='word_1_255' title='bbox 1547 2336 1628 2378; x_wconf 90' lang='lat' dir='ltr'>im-</span> <span class='ocrx_word' id='word_1_256' title='bbox 1687 2355 1691 2390; x_wconf 66' lang='lat'><em>;</em></span> 
     </span>
    </p>
   </div>
   <div class='ocr_carea' id='block_1_7' title="bbox 265 2461 526 2468">
    <p class='ocr_par' dir='ltr' id='par_1_7' title="bbox 265 2461 526 2468">
     <span class='ocr_line' id='line_1_36' title="bbox 265 2461 526 2468; baseline 0 493"><span class='ocrx_word' id='word_1_257' title='bbox 265 2461 526 2468; x_wconf 95' lang='lat' dir='ltr'> </span> 
     </span>
    </p>
   </div>
   <div class='ocr_carea' id='block_1_8' title="bbox 263 2402 1703 2584">
    <p class='ocr_par' dir='ltr' id='par_1_8' title="bbox 263 2402 1703 2584">
     <span class='ocr_line' id='line_1_37' title="bbox 1689 2402 1703 2438; baseline 0 -11"><span class='ocrx_word' id='word_1_258' title='bbox 1689 2402 1703 2438; x_wconf 23' lang='lat' dir='ltr'>*l</span> 
     </span>
     <span class='ocr_line' id='line_1_38' title="bbox 263 2516 1703 2584; baseline 0 -13"><span class='ocrx_word' id='word_1_259' title='bbox 263 2539 280 2562; x_wconf 88' lang='lat'>1</span> <span class='ocrx_word' id='word_1_260' title='bbox 307 2538 414 2578; x_wconf 74' lang='lat' dir='ltr'>nixu,</span> <span class='ocrx_word' id='word_1_261' title='bbox 441 2541 536 2571; x_wconf 63' lang='lat' dir='ltr'>item</span> <span class='ocrx_word' id='word_1_262' title='bbox 565 2547 718 2584; x_wconf 77' lang='lat' dir='ltr'>postea.</span> <span class='ocrx_word' id='word_1_263' title='bbox 946 2538 967 2562; x_wconf 82' lang='lat'><strong>2</strong></span> <span class='ocrx_word' id='word_1_264' title='bbox 995 2539 1057 2572; x_wconf 74' lang='lat' dir='ltr'>Ex</span> <span class='ocrx_word' id='word_1_265' title='bbox 1085 2536 1234 2572; x_wconf 80' lang='lat' dir='ltr'>emend.</span> <span class='ocrx_word' id='word_1_266' title='bbox 1272 2537 1398 2583; x_wconf 75' lang='lat' dir='ltr'>Vulgo</span> <span class='ocrx_word' id='word_1_267' title='bbox 1436 2537 1623 2572; x_wconf 81' lang='lat' dir='ltr'>desiliere.</span> <span class='ocrx_word' id='word_1_268' title='bbox 1687 2516 1703 2546; x_wconf 68' lang='lat'>¹!</span> 
     </span>
    </p>
   </div>
   <div class='ocr_carea' id='block_1_9' title="bbox 351 2590 1689 2691">
    <p class='ocr_par' dir='ltr' id='par_1_9' title="bbox 351 2590 1689 2691">
     <span class='ocr_line' id='line_1_39' title="bbox 351 2590 1689 2639; baseline 0.003 -15"><span class='ocrx_word' id='word_1_269' title='bbox 351 2592 369 2621; x_wconf 81' lang='grc'>3</span> <span class='ocrx_word' id='word_1_270' title='bbox 396 2603 571 2637; x_wconf 74' lang='lat' dir='ltr'>corpore.</span> <span class='ocrx_word' id='word_1_271' title='bbox 776 2593 797 2624; x_wconf 85' lang='lat'>4</span> <span class='ocrx_word' id='word_1_272' title='bbox 833 2590 998 2628; x_wconf 66' lang='lat' dir='ltr'>additu»-</span> <span class='ocrx_word' id='word_1_273' title='bbox 1033 2592 1203 2639; x_wconf 82' lang='lat' dir='ltr'>quidem‚</span> <span class='ocrx_word' id='word_1_274' title='bbox 1239 2591 1344 2639; x_wconf 81' lang='lat' dir='ltr'>quod</span> <span class='ocrx_word' id='word_1_275' title='bbox 1365 2600 1421 2626; x_wconf 82' lang='lat' dir='ltr'>esc</span> <span class='ocrx_word' id='word_1_276' title='bbox 1447 2594 1487 2627; x_wconf 82' lang='lat' dir='ltr'>in</span> <span class='ocrx_word' id='word_1_277' title='bbox 1514 2591 1623 2627; x_wconf 86' lang='lat' dir='ltr'>codd.</span> <span class='ocrx_word' id='word_1_278' title='bbox 1686 2617 1689 2629; x_wconf 53' lang='grc' dir='ltr'>ι</span> 
     </span>
     <span class='ocr_line' id='line_1_40' title="bbox 355 2646 470 2691; baseline 0 -13"><span class='ocrx_word' id='word_1_279' title='bbox 355 2646 470 2691; x_wconf 82' lang='lat' dir='ltr'>quod.</span> 
     </span>
    </p>
   </div>
  </div>
 </body>
</html>
