1703 2961
411 161 495 206 DE
536 162 745 207 GESTlS
784 167 956 211 ALEX.
985 170 1061 221 IV,
1094 171 1133 214 6.
1396 176 1453 220 49

90 272 191 315 dem
229 277 432 328 tempore
470 273 612 317 classis
649 274 949 322 Macedonum
988 298 1036 324 ex
1075 283 1257 328 Graecia
1299 289 1452 340 accita,

87 343 410 395 Aristomenen,
443 346 515 402 qui
548 344 603 388 ad
633 347 904 406 Hellesponti
944 368 1069 395 oram
1101 361 1450 414 recuperandam

88 430 111 456 a
142 415 290 457 Dareo
322 423 415 457 erat
452 417 629 469 missus,
669 423 807 477 captis
849 424 938 466 eius
974 434 1048 466 aut
1082 429 1233 470 mersis
1266 433 1449 476 navibus

0 477 274 543 >3⁷superat.
340 490 379 529 A
419 488 598 531 Milesiis
648 491 806 535 deinde
855 494 1161 541 Pharnabazus
1201 504 1448 557 praefectus

84 559 284 600 Penicae
317 558 458 600 classis
486 563 671 617 pecunia
703 574 862 617 exacta,
894 576 936 610 et
967 571 1182 626 pracsidio
1215 573 1259 615 in
1289 576 1446 619 urbem

83 629 249 672 Chium
276 630 545 682 introducto,
576 643 757 678 centum
784 640 966 682 navibus
993 643 1218 695 Andrum,
1259 653 1303 688 et
1343 648 1446 690 inde

82 701 301 758 Siphnum
327 703 466 758 petiit.
523 705 612 749 Has
641 712 654 733 ¹
699 724 875 769 quoque
914 712 1072 756 insulas
1107 717 1333 773 praesidiis
1372 735 1445 764 oc·

80 780 226 829 cupat,
255 774 441 830 pecunia
472 778 643 821 multat.

0 855 62 887 ‘38
162 845 425 901 Magnitudo
464 847 579 899 belli,
618 852 739 908 quod
780 855 834 897 ab
870 856 1206 914 opulentissimis
1233 861 1442 921 Europae

74 916 290 973 Asiaeque
326 919 499 974 regibus
537 921 581 963 in
619 938 743 979 spem
771 927 906 969 totius
938 931 1056 973 orbis
1096 936 1345 990 occupandi
1375 952 1444 993 ge-

74 988 270 1036 rebatur,
310 989 524 1034 Graeciae
563 1009 740 1052 quoque
772 1006 816 1040 et
845 998 1004 1042 Cretae
1035 1017 1158 1045 arma
1190 1021 1443 1050 commove-

0 1067 59 1105 3³9
75 1067 156 1103 rat.
214 1060 328 1116 Agis,
359 1062 817 1110 Lacedaemoniorum
847 1085 935 1119 rex,
967 1079 1071 1114 octo
1101 1074 1278 1120 milibus
1307 1078 1442 1123 Grae-

72 1146 239 1180 corum,
267 1130 341 1189 qui
367 1149 417 1175 ex
448 1134 600 1178 Cilicia
635 1139 810 1197 profugi
840 1142 999 1186 domos
1025 1148 1309 1202 repetierant,
1336 1168 1442 1196 con-

70 1203 234 1251 tractis,
272 1204 437 1247 bellum
476 1209 712 1267 Antipatro
750 1212 1043 1258 Macedoniae
1078 1221 1306 1275 praefecto
1343 1240 1441 1268 mo-

0 1275 268 1320 14oliebatur.
335 1276 568 1321 Cretenses
606 1281 685 1324 has
725 1291 802 1326 aut
839 1286 929 1329 illas
957 1297 1106 1345 partes
1135 1294 1285 1346 secuti,
1315 1312 1438 1342 nunc

0 1319 2 1375 i
69 1347 405 1404 Spartanorum,
435 1367 554 1394 nunc
579 1353 882 1399 Macedonum
906 1362 1131 1416 praesidiis
1158 1369 1439 1426 occupaban-

66 1425 153 1460 tur.
233 1420 322 1462 Sed
357 1422 520 1464 leviora
560 1424 677 1467 inter
714 1427 811 1470 illos
837 1429 962 1473 fuere
987 1433 1252 1489 discrimina,
1293 1456 1434 1485 unum

0 1515 1 1535 1
66 1498 305 1543 certamen,
334 1508 385 1535 ex
413 1510 500 1552 quo
534 1503 680 1541 cetera
707 1501 974 1557 pendebant,
1006 1505 1207 1552 intuente
1243 1510 1433 1556 fortuna.

7 1604 55 1646 31.
147 1594 243 1634 Iam
272 1601 366 1635 tota
395 1594 532 1652 Syria,
560 1597 649 1640 iam
676 1599 900 1647 Phoenice
925 1618 1115 1665 quoque,
1146 1619 1326 1670 excepta
1346 1613 1433 1674 Ty·
1469 1613 1494 1661 7

61 1678 126 1713 ro,
156 1665 456 1709 Macedonum
487 1677 580 1711 erat
599 1673 637 1719 ²,
668 1671 949 1734 habebatque
978 1693 1052 1722 rex
1077 1690 1218 1726 castra
1245 1684 1290 1727 in
1327 1701 1430 1730 con·

25 1736 231 1785 utinenti,
269 1752 292 1779 a
324 1754 412 1797 quo
444 1741 602 1784 urbem
633 1753 866 1801 angustum
891 1750 1056 1794 fretum
1093 1754 1274 1799 dirimit.
1343 1759 1430 1818 Ty⁴

60 1823 146 1859 ros,
194 1816 238 1851 et
270 1811 574 1867 magnitudine
600 1815 617 1843 ³
651 1822 696 1857 et
735 1818 932 1863 claritate
972 1832 1074 1867 ante
1112 1825 1267 1871 omnes
1298 1829 1429 1876 urbes

0 1913 2 1936 a
59 1880 208 1938 Syriae
237 1880 568 1942 Phoenicesque
604 1892 925 1944 memorabilis,
963 1895 1133 1939 facilius
1169 1901 1427 1948 societatem

0 1954 4 2008 j
56 1952 292 1995 Alexandri
324 1963 559 2012 acceptura
591 1960 830 2013 videbatur,
864 1980 999 2022 quam
1029 1969 1281 2027 imperium.
1342 1973 1429 2020 Co-

0 2010 3 2091 }
56 2038 218 2066 ronam
246 2025 376 2081 igitur
405 2042 585 2071 auream
618 2032 786 2076 donum
807 2039 831 2063 4
860 2037 987 2095 legati
1019 2041 1276 2097 asserebant,
1306 2063 1429 2091 com-

0 2095 4 2174 l
55 2104 315 2154 meatusque
340 2098 456 2155 large
489 2107 532 2141 et
559 2101 834 2160 hospitaliter
852 2124 902 2152 ex
929 2113 1094 2170 oppido
1123 2116 1423 2163 advexeranffl

0 2189 4 2251 ἕ

0 2254 4 2314 l

2 2358 5 2377 l

0 1588 3 1695 l

0 1707 3 1798 ἑ

0 1807 3 1829 l

0 1865 3 1891 i

54 2167 133 2209 Ille
161 2169 289 2219 dona,
318 2178 367 2212 ut
392 2172 447 2213 ab
474 2174 640 2225 amicis,
673 2179 813 2236 accipi
846 2182 978 2234 iussit,
1010 2185 1286 2247 benigneque
1314 2191 1427 2250 lega·

25 2246 126 2283 atos
155 2241 382 2291 allocutus,
414 2245 606 2294 Herculi,
637 2263 768 2305 quem
797 2255 1034 2312 praecipue
1063 2259 1184 2317 Tyrii
1216 2263 1425 2318 colerent,

1 2331 5 2346 -.
53 2312 299 2356 sacrificare
337 2316 444 2358 velle
479 2333 523 2360 se
563 2319 687 2361 dixit:
736 2323 1036 2371 Macedonum
1068 2346 1190 2390 reges
1228 2337 1423 2389 credere,

0 2384 5 2427 i
53 2384 108 2425 ab
136 2384 210 2426 illo
249 2387 332 2429 deo
366 2388 482 2445 ipsos
511 2405 646 2447 genus
677 2393 853 2445 ducere,
880 2414 924 2440 se
950 2416 1054 2444 vero
1093 2412 1142 2446 ut
1175 2406 1220 2448 id
1253 2407 1423 2452 faceret

2 2441 182 2497 i4etiam
208 2460 387 2502 oraculo
419 2463 657 2506 monitum.
716 2467 865 2526 Legati
886 2475 1170 2530 respondent,
1202 2495 1291 2523 esse
1311 2488 1421 2524 tem-

52 2590 72 2615 1
94 2591 180 2627 Eas.
384 2595 406 2622 2
430 2606 550 2634 erant.
751 2602 770 2634 3
799 2605 923 2650 Tyrus
952 2617 989 2644 et
1012 2611 1183 2647 claritate
1210 2621 1248 2648 et
1274 2618 1419 2663 magni-

136 2647 284 2684 tudine.
516 2657 539 2689 4
570 2656 686 2702 legati
719 2658 881 2697 donum.
1108 2668 1128 2695 5
1166 2668 1417 2709 adduxerant.

1107 2728 1150 2772 D
