1703 2961
447 111 529 153 DE
558 107 766 154 GESTlS
793 107 961 150 ALEX.
990 107 1064 155 lx,
1107 105 1171 146 11.
1397 101 1479 144 313

136 223 480 267 misericordiam
516 238 649 273 versa,
686 236 740 262 ne
779 221 869 278 ipse
901 220 1090 278 quidem,
1113 233 1380 277 quamquam
1412 232 1484 259 cu-

135 303 270 354 peret,
300 303 543 351 temperare
584 295 715 339 oculis
746 293 953 350 potuerit.

86 382 104 410 3
220 369 421 412 Tandem
451 369 646 411 universa
677 367 884 409 contione
923 363 1101 406 effusius
1130 364 1275 414 flente,
1305 363 1546 405 Coenus12

138 455 264 483 ausus
294 449 368 492 est,
402 441 708 484 cunctantibus
736 439 902 488 ceteris,
941 436 1119 494 propius
1147 435 1335 476 tribunal
1369 450 1485 476 acce-

82 527 105 551 4
137 512 252 564 dere,
283 513 526 570 significans
554 528 597 554 se
628 511 745 568 loqui
776 511 895 552 velle.
939 509 1101 565 ⁸Quem
1131 516 1179 549 ut
1206 507 1351 549 videre
1381 505 1488 547 mili-

136 592 202 626 tes
234 585 536 628 detrahentem
573 584 737 641 galeam
779 582 922 638 capiti,
960 582 1036 633 (ita
1066 581 1182 622 enim
1213 595 1358 636 regem
1387 578 1490 619 allo-

140 658 213 715 qui
246 673 342 699 mos
369 662 462 709 est,)
498 657 663 699 hortari
700 664 954 712 coeperunt,
995 661 1043 695 ut
1075 669 1251 696 causam
1281 650 1490 693 exmcitus

37 752 45 762 ι
86 740 103 766 ⁵
139 737 298 786 ageret.
359 730 475 770 Tum
503 729 692 783 Coenus,
722 731 814 770 Dii
841 728 1111 784 prohibeant,
1138 726 1291 783 inquit,
1316 742 1341 765 α
1370 725 1492 765 nobis

140 805 303 857 impias
341 817 522 853 mentes,·
566 814 609 844 et
646 800 845 861 profecto
879 804 1119 856 prohibent·
1176 802 1297 841 Idem
1327 800 1493 838 animus

140 887 207 918 est
247 879 352 926 tuis,
389 878 465 931 qui
491 875 587 933 fuit
619 891 796 928 semper,
840 878 902 916 ire
943 891 1024 931 quo
1061 877 1251 919 iusseris,
1287 886 1492 925 pugnare,

139 951 399 1004 periclitari,
444 951 650 1002 sanguine
686 962 834 991 nostro
894 950 1187 989 commendare
1229 945 1496 999 'posteritati

139 1032 257 1062 tuum
288 1038 450 1063 nomen.
517 1023 712 1063 Proinde
747 1024 789 1062 si
823 1037 1087 1074 perseveras,
1124 1023 1303 1060 inermes
1332 1033 1496 1073 quoque

145 1105 189 1135 et
235 1096 342 1134 nudi
387 1105 432 1134 et
473 1109 735 1147 exsangues,
783 1105 990 1146 utcunque
1029 1095 1113 1134 tibi
1153 1093 1276 1134 cordi
1310 1101 1398 1136 est,
1437 1106 1498 1129 se-

92 1177 114 1204 6
145 1170 336 1222 qnimur,
375 1168 447 1206 vel
493 1169 795 1207 antecedimus.
880 1169 966 1207 Sed
1014 1169 1055 1206 si
1105 1167 1256 1205 audire
1295 1166 1367 1203 vis
1417 1179 1500 1204 non

131 1241 272 1297 fictas
302 1250 470 1280 tuorum
501 1240 686 1279 rnilitum
714 1255 855 1288 voces,
885 1256 1031 1279 verum
1064 1242 1317 1279 necessitate
1346 1238 1500 1276 ultima

147 1327 389 1364 expressas,
424 1312 590 1365 praebe,
636 1328 807 1366 quaeso,
848 1314 1070 1364 propitias
1113 1327 1234 1350 aures
1275 1312 1502 1364 imperium

148 1394 278 1439 atque
317 1386 555 1435 auspicium
593 1395 710 1424 tuum
753 1387 1100 1425 constantissime
1129 1387 1301 1431 secutis,
1333 1394 1376 1423 et
1403 1397 1502 1437 quo-

97 1469 113 1494 7
149 1473 309 1512 cunque
351 1459 500 1509 pergis
537 1460 762 1497 secuturis.
835 1459 1012 1506 Vicisci,
1052 1474 1150 1502 rex,
1206 1458 1505 1510 magnitudine

148 1545 287 1569 rerum
313 1544 396 1569 non
431 1531 577 1570 hostes
616 1531 753 1578 modo,
781 1532 860 1570 sed
887 1533 1016 1570 etiam
1050 1532 1222 1571 milites.
1287 1530 1506 1593 Quicquid

150 1602 401 1643 mortalitas
428 1617 580 1655 capere
625 1614 815 1655 poterat,
843 1605 1130 1656 implevimus.
1191 1605 1392 1642 Emensis
1422 1617 1505 1642 ma-

150 1676 218 1714 ria
249 1684 470 1728 terrasque
509 1675 661 1714 melius
696 1677 831 1723 nobis,
869 1692 996 1730 (suam
1031 1677 1197 1722 incolis,
1229 1677 1372 1716 omnia
1402 1685 1508 1715 nota

100 1765 118 1792 Β
150 1756 264 1788 sunt.
335 1747 478 1786 Paene
513 1748 557 1786 in
591 1749 744 1790 ultimo
787 1751 936 1789 mundi
959 1748 1054 1805 fine
1103 1750 1390 1789 comis-cimus.
1455 1751 1509 1788 In

153 1821 286 1860 alium
318 1819 458 1860 orbem
494 1834 631 1872 paras
668 1823 744 1868 ire,
785 1832 829 1862 et
855 1823 1028 1861 Indiam
1053 1824 1225 1877 qnaeris
1254 1822 1380 1860 Indis
1410 1837 1510 1876 quo-

154 1907 233 1948 que
261 1893 480 1944 ignotam:
510 1889 771 1949 interseras
800 1904 1099 1948 serpentesque
1135 1896 1339 1946 degentes
1368 1909 1511 1933 eruere

155 1980 210 2005 ex
239 1965 418 2004 latebris
455 1974 499 2005 et·
538 1965 749 2005 cubilibus
783 1968 874 2005 suis
915 1968 1099 2019 expetis,
1141 1976 1190 2006 ut
1211 1967 1350 2019 plura,
1384 1981 1512 2020 quam

103 2054 122 2082 9
153 2037 223 2078 sol
246 2037 388 2084 videt,
427 2038 622 2077 victoria
661 2038 830 2080 lustres.
895 2040 1053 2092 Digna
1089 2053 1266 2092 prorsus
1297 2039 1513 2090 cogitatio

156 2111 298 2150 animo
329 2119 416 2156 tuo,
455 2111 533 2149 sed
565 2110 698 2151 altior
735 2121 896 2152 nostro.
958 2112 1114 2153 Virtus
1153 2112 1265 2150 enim
1305 2120 1383 2150 tua
1411 2125 1516 2149 sem-

155 2199 235 2238 per
281 2184 327 2222 in
373 2183 627 2223 incremento
684 2185 792 2230 erit,
849 2194 998 2226 nostra
1045 2186 1117 2224 vis
1176 2185 1263 2222 iam
1304 2173 1351 2222 in
1380 2182 1510 2239 fine¹

102 2265 237 2296 mest.
295 2257 468 2294 Intuere
507 2270 692 2308 corpora
721 2259 970 2313 exsanguia,
1009 2266 1079 2297 tot
1103 2252 1304 2312 perfossa
1332 2255 1516 2294 vulneri-

161 2328 249 2376 bus,
280 2337 350 2368 tot
390 2328 667 2368 cicatricibus
698 2331 861 2382 putria.
929 2332 1024 2369 Iam
1059 2329 1146 2369 tela
1188 2328 1358 2368 hebetia
1395 2337 1517 2368 sunt:

162 2403 249 2441 iam
276 2415 396 2440 arma
427 2399 649 2456 deficiunt.
713 2401 886 2443 Vestem
915 2403 1138 2442 Persicam
1164 2403 1392 2447 induimus,
1415 2402 1520 2454 quia

161 2474 401 2514 domestica
443 2472 626 2514 subvehi
665 2489 748 2516 non
783 2485 943 2529 potest.
1008 2478 1062 2515 In
1091 2484 1312 2516 externum
1343 2475 1520 2526 degene-

162 2608 180 2633 1
208 2608 248 2642 in
272 2605 350 2641 fine
373 2606 461 2643 iam.
