<?xml version="1.0" encoding="UTF-8"?>
<!DOCTYPE html PUBLIC "-//W3C//DTD XHTML 1.0 Transitional//EN"
    "http://www.w3.org/TR/xhtml1/DTD/xhtml1-transitional.dtd">
<html xmlns="http://www.w3.org/1999/xhtml" xml:lang="en" lang="en">
 <head>
  <title>
</title>
<meta http-equiv="Content-Type" content="text/html;charset=utf-8" />
  <meta name='ocr-system' content='tesseract 3.04.00' />
  <meta name='ocr-capabilities' content='ocr_page ocr_carea ocr_par ocr_line ocrx_word'/>
</head>
<body>
  <div class='ocr_page' id='page_1' title='image "./degestisalexandr00curtuoft_0008.png"; bbox 0 0 1703 2961; ppageno 0'>
   <div class='ocr_carea' id='block_1_1' title="bbox 260 774 1635 2624">
    <p class='ocr_par' dir='ltr' id='par_1_1' title="bbox 260 774 1635 2624">
     <span class='ocr_line' id='line_1_1' title="bbox 260 774 1626 853; baseline 0.001 -17"><span class='ocrx_word' id='word_1_1' title='bbox 260 774 441 851; x_wconf 80' lang='lat' dir='ltr'>ingenii</span> <span class='ocrx_word' id='word_1_2' title='bbox 468 791 600 836; x_wconf 89' lang='lat' dir='ltr'>vires</span> <span class='ocrx_word' id='word_1_3' title='bbox 633 790 767 836; x_wconf 89' lang='lat' dir='ltr'>omni</span> <span class='ocrx_word' id='word_1_4' title='bbox 795 788 1018 837; x_wconf 82' lang='lat' dir='ltr'>doctrina</span> <span class='ocrx_word' id='word_1_5' title='bbox 1052 789 1348 847; x_wconf 81' lang='lat' dir='ltr'>excolerent,</span> <span class='ocrx_word' id='word_1_6' title='bbox 1380 790 1626 853; x_wconf 85' lang='lat' dir='ltr'>animique</span> 
     </span>
     <span class='ocr_line' id='line_1_2' title="bbox 260 881 1629 947; baseline 0.001 -18"><span class='ocrx_word' id='word_1_7' title='bbox 260 884 442 947; x_wconf 85' lang='lat' dir='ltr'>pariter</span> <span class='ocrx_word' id='word_1_8' title='bbox 479 881 619 930; x_wconf 87' lang='lat' dir='ltr'>bonis</span> <span class='ocrx_word' id='word_1_9' title='bbox 653 898 710 929; x_wconf 86' lang='lat' dir='ltr'>ac</span> <span class='ocrx_word' id='word_1_10' title='bbox 742 883 969 930; x_wconf 84' lang='lat' dir='ltr'>fortunae</span> <span class='ocrx_word' id='word_1_11' title='bbox 1002 883 1314 928; x_wconf 80' lang='lat' dir='ltr'>excellerent.</span> <span class='ocrx_word' id='word_1_12' title='bbox 1380 882 1549 947; x_wconf 89' lang='lat' dir='ltr'>Itaque</span> <span class='ocrx_word' id='word_1_13' title='bbox 1577 885 1629 931; x_wconf 89' lang='lat' dir='ltr'>in</span> 
     </span>
     <span class='ocr_line' id='line_1_3' title="bbox 260 973 1628 1039; baseline 0.001 -17"><span class='ocrx_word' id='word_1_14' title='bbox 260 975 410 1024; x_wconf 72' lang='lat' dir='ltr'>Vobis</span> <span class='ocrx_word' id='word_1_15' title='bbox 462 976 728 1036; x_wconf 78' lang='lat' dir='ltr'>imaginem</span> <span class='ocrx_word' id='word_1_16' title='bbox 779 974 1028 1039; x_wconf 85' lang='lat' dir='ltr'>quandam</span> <span class='ocrx_word' id='word_1_17' title='bbox 1075 989 1176 1022; x_wconf 90' lang='lat' dir='ltr'>non</span> <span class='ocrx_word' id='word_1_18' title='bbox 1218 973 1368 1022; x_wconf 90' lang='lat' dir='ltr'>modo</span> <span class='ocrx_word' id='word_1_19' title='bbox 1404 984 1628 1024; x_wconf 86' lang='lat' dir='ltr'>veterum</span> 
     </span>
     <span class='ocr_line' id='line_1_4' title="bbox 261 1067 1630 1130; baseline 0.002 -16"><span class='ocrx_word' id='word_1_20' title='bbox 261 1068 457 1124; x_wconf 78' lang='lat' dir='ltr'>ducum,</span> <span class='ocrx_word' id='word_1_21' title='bbox 496 1083 704 1130; x_wconf 88' lang='lat' dir='ltr'>quorum</span> <span class='ocrx_word' id='word_1_22' title='bbox 735 1083 814 1116; x_wconf 87' lang='lat' dir='ltr'>res</span> <span class='ocrx_word' id='word_1_23' title='bbox 855 1076 1015 1130; x_wconf 87' lang='lat' dir='ltr'>gestas</span> <span class='ocrx_word' id='word_1_24' title='bbox 1060 1067 1492 1128; x_wconf 84' lang='lat' dir='ltr'>cognoscebamus,</span> <span class='ocrx_word' id='word_1_25' title='bbox 1543 1069 1630 1117; x_wconf 90' lang='lat' dir='ltr'>sed</span> 
     </span>
     <span class='ocr_line' id='line_1_5' title="bbox 260 1160 1629 1225; baseline 0.001 -17"><span class='ocrx_word' id='word_1_26' title='bbox 260 1169 540 1209; x_wconf 87' lang='lat' dir='ltr'>nostrorum</span> <span class='ocrx_word' id='word_1_27' title='bbox 585 1162 884 1225; x_wconf 81' lang='lat' dir='ltr'>principum,</span> <span class='ocrx_word' id='word_1_28' title='bbox 924 1175 1133 1209; x_wconf 82' lang='lat' dir='ltr'>avorum</span> <span class='ocrx_word' id='word_1_29' title='bbox 1165 1160 1475 1221; x_wconf 58' lang='lat' dir='ltr'>Vestrorum,</span> <span class='ocrx_word' id='word_1_30' title='bbox 1516 1178 1629 1210; x_wconf 89' lang='lat' dir='ltr'>con-</span> 
     </span>
     <span class='ocr_line' id='line_1_6' title="bbox 262 1253 1630 1322; baseline 0.002 -21"><span class='ocrx_word' id='word_1_31' title='bbox 262 1256 447 1319; x_wconf 81' lang='lat' dir='ltr'>spicere</span> <span class='ocrx_word' id='word_1_32' title='bbox 492 1253 614 1301; x_wconf 86' lang='lat' dir='ltr'>mihi</span> <span class='ocrx_word' id='word_1_33' title='bbox 654 1254 882 1313; x_wconf 86' lang='lat' dir='ltr'>videbar,</span> <span class='ocrx_word' id='word_1_34' title='bbox 925 1271 1218 1321; x_wconf 88' lang='lat' dir='ltr'>omnemque</span> <span class='ocrx_word' id='word_1_35' title='bbox 1255 1273 1457 1322; x_wconf 86' lang='lat' dir='ltr'>operam</span> <span class='ocrx_word' id='word_1_36' title='bbox 1493 1255 1630 1304; x_wconf 88' lang='lat' dir='ltr'>adhi-</span> 
     </span>
     <span class='ocr_line' id='line_1_7' title="bbox 263 1346 1630 1414; baseline 0.001 -19"><span class='ocrx_word' id='word_1_37' title='bbox 263 1348 454 1405; x_wconf 86' lang='lat' dir='ltr'>bebam,</span> <span class='ocrx_word' id='word_1_38' title='bbox 496 1355 553 1395; x_wconf 90' lang='lat' dir='ltr'>ut</span> <span class='ocrx_word' id='word_1_39' title='bbox 591 1346 848 1412; x_wconf 76' lang='lat' dir='ltr'>disciplina</span> <span class='ocrx_word' id='word_1_40' title='bbox 881 1364 993 1396; x_wconf 86' lang='lat' dir='ltr'>mea</span> <span class='ocrx_word' id='word_1_41' title='bbox 1037 1349 1234 1398; x_wconf 87' lang='lat' dir='ltr'>illorum</span> <span class='ocrx_word' id='word_1_42' title='bbox 1277 1351 1520 1414; x_wconf 84' lang='lat' dir='ltr'>exemplis</span> <span class='ocrx_word' id='word_1_43' title='bbox 1555 1366 1630 1396; x_wconf 90' lang='lat' dir='ltr'>re-</span> 
     </span>
     <span class='ocr_line' id='line_1_8' title="bbox 262 1425 1631 1507; baseline 0.001 -20"><span class='ocrx_word' id='word_1_44' title='bbox 262 1425 543 1504; x_wconf 40' lang='lat' dir='ltr'>sponderet,</span> <span class='ocrx_word' id='word_1_45' title='bbox 633 1441 734 1489; x_wconf 88' lang='lat' dir='ltr'>Nec</span> <span class='ocrx_word' id='word_1_46' title='bbox 777 1443 960 1490; x_wconf 86' lang='lat' dir='ltr'>frustra</span> <span class='ocrx_word' id='word_1_47' title='bbox 1000 1459 1138 1507; x_wconf 90' lang='lat' dir='ltr'>spem</span> <span class='ocrx_word' id='word_1_48' title='bbox 1190 1444 1504 1506; x_wconf 82' lang='lat' dir='ltr'>laboremque</span> <span class='ocrx_word' id='word_1_49' title='bbox 1544 1457 1631 1489; x_wconf 88' lang='lat' dir='ltr'>no-</span> 
     </span>
     <span class='ocr_line' id='line_1_9' title="bbox 261 1533 1631 1585; baseline 0.001 -4"><span class='ocrx_word' id='word_1_50' title='bbox 261 1542 416 1581; x_wconf 84' lang='lat' dir='ltr'>strum</span> <span class='ocrx_word' id='word_1_51' title='bbox 448 1533 599 1581; x_wconf 86' lang='lat' dir='ltr'>fuisse</span> <span class='ocrx_word' id='word_1_52' title='bbox 631 1548 755 1580; x_wconf 82' lang='lat' dir='ltr'>mox</span> <span class='ocrx_word' id='word_1_53' title='bbox 789 1544 995 1583; x_wconf 84' lang='lat' dir='ltr'>eventus</span> <span class='ocrx_word' id='word_1_54' title='bbox 1030 1536 1207 1583; x_wconf 86' lang='lat' dir='ltr'>docuit.</span> <span class='ocrx_word' id='word_1_55' title='bbox 1261 1534 1390 1585; x_wconf 86' lang='lat' dir='ltr'>Nam</span> <span class='ocrx_word' id='word_1_56' title='bbox 1425 1536 1516 1582; x_wconf 88' lang='lat' dir='ltr'>etsi</span> <span class='ocrx_word' id='word_1_57' title='bbox 1548 1550 1631 1582; x_wconf 92' lang='lat' dir='ltr'>ne-</span> 
     </span>
     <span class='ocr_line' id='line_1_10' title="bbox 264 1626 1633 1692; baseline 0.001 -19"><span class='ocrx_word' id='word_1_58' title='bbox 264 1641 509 1690; x_wconf 80' lang='lat' dir='ltr'>quaquam</span> <span class='ocrx_word' id='word_1_59' title='bbox 564 1642 689 1691; x_wconf 86' lang='lat' dir='ltr'>quae</span> <span class='ocrx_word' id='word_1_60' title='bbox 739 1626 838 1685; x_wconf 89' lang='lat' dir='ltr'>Tu,</span> <span class='ocrx_word' id='word_1_61' title='bbox 899 1628 1224 1675; x_wconf 80' lang='lat' dir='ltr'>illustrissime</span> <span class='ocrx_word' id='word_1_62' title='bbox 1274 1627 1476 1692; x_wconf 87' lang='lat' dir='ltr'>Pinceps</span> <span class='ocrx_word' id='word_1_63' title='bbox 1512 1627 1633 1675; x_wconf 86' lang='lat' dir='ltr'>Wil-</span> 
     </span>
     <span class='ocr_line' id='line_1_11' title="bbox 262 1718 1633 1786; baseline 0 -20"><span class='ocrx_word' id='word_1_64' title='bbox 262 1720 440 1778; x_wconf 87' lang='lat' dir='ltr'>helme,</span> <span class='ocrx_word' id='word_1_65' title='bbox 465 1720 517 1767; x_wconf 86' lang='lat' dir='ltr'>in</span> <span class='ocrx_word' id='word_1_66' title='bbox 550 1718 679 1768; x_wconf 92' lang='lat' dir='ltr'>bello</span> <span class='ocrx_word' id='word_1_67' title='bbox 710 1721 899 1768; x_wconf 88' lang='lat' dir='ltr'>fortiter</span> <span class='ocrx_word' id='word_1_68' title='bbox 925 1719 1287 1786; x_wconf 85' lang='lat' dir='ltr'>prudenterque</span> <span class='ocrx_word' id='word_1_69' title='bbox 1320 1721 1523 1783; x_wconf 85' lang='lat' dir='ltr'>gessisti,</span> <span class='ocrx_word' id='word_1_70' title='bbox 1558 1721 1633 1767; x_wconf 86' lang='lat' dir='ltr'>lit-</span> 
     </span>
     <span class='ocr_line' id='line_1_12' title="bbox 264 1813 1635 1862; baseline 0.001 -2"><span class='ocrx_word' id='word_1_71' title='bbox 264 1815 380 1862; x_wconf 83' lang='lat' dir='ltr'>teris</span> <span class='ocrx_word' id='word_1_72' title='bbox 413 1813 601 1861; x_wconf 88' lang='lat' dir='ltr'>Latinis</span> <span class='ocrx_word' id='word_1_73' title='bbox 634 1813 885 1861; x_wconf 88' lang='lat' dir='ltr'>vindicare</span> <span class='ocrx_word' id='word_1_74' title='bbox 929 1816 1103 1862; x_wconf 80' lang='lat' dir='ltr'>velim:</span> <span class='ocrx_word' id='word_1_75' title='bbox 1150 1815 1436 1862; x_wconf 76' lang='lat' dir='ltr'>existimare</span> <span class='ocrx_word' id='word_1_76' title='bbox 1466 1822 1635 1861; x_wconf 83' lang='lat' dir='ltr'>tamen</span> 
     </span>
     <span class='ocr_line' id='line_1_13' title="bbox 266 1907 1634 1972; baseline 0.001 -19"><span class='ocrx_word' id='word_1_77' title='bbox 266 1909 393 1965; x_wconf 86' lang='lat' dir='ltr'>licet,</span> <span class='ocrx_word' id='word_1_78' title='bbox 421 1922 550 1966; x_wconf 90' lang='lat' dir='ltr'>eum,</span> <span class='ocrx_word' id='word_1_79' title='bbox 585 1909 666 1970; x_wconf 92' lang='lat' dir='ltr'>qui</span> <span class='ocrx_word' id='word_1_80' title='bbox 692 1909 745 1955; x_wconf 91' lang='lat' dir='ltr'>in</span> <span class='ocrx_word' id='word_1_81' title='bbox 778 1907 1034 1971; x_wconf 85' lang='lat' dir='ltr'>disciplina</span> <span class='ocrx_word' id='word_1_82' title='bbox 1060 1909 1234 1972; x_wconf 86' lang='lat' dir='ltr'>puerili</span> <span class='ocrx_word' id='word_1_83' title='bbox 1261 1908 1498 1965; x_wconf 85' lang='lat' dir='ltr'>Tacitum,</span> <span class='ocrx_word' id='word_1_84' title='bbox 1527 1923 1634 1968; x_wconf 86' lang='lat' dir='ltr'>gra-</span> 
     </span>
     <span class='ocr_line' id='line_1_14' title="bbox 265 2000 1634 2065; baseline -0.002 -16"><span class='ocrx_word' id='word_1_85' title='bbox 265 2001 525 2049; x_wconf 64' lang='lat' dir='ltr'>vissimum</span> <span class='ocrx_word' id='word_1_86' title='bbox 571 2002 880 2065; x_wconf 86' lang='lat' dir='ltr'>scriptorem,</span> <span class='ocrx_word' id='word_1_87' title='bbox 926 2017 1107 2062; x_wconf 88' lang='lat' dir='ltr'>magna</span> <span class='ocrx_word' id='word_1_88' title='bbox 1159 2017 1271 2048; x_wconf 93' lang='lat' dir='ltr'>cum</span> <span class='ocrx_word' id='word_1_89' title='bbox 1313 2000 1634 2048; x_wconf 85' lang='lat' dir='ltr'>delectatione</span> 
     </span>
     <span class='ocr_line' id='line_1_15' title="bbox 267 2094 1632 2159; baseline 0.001 -20"><span class='ocrx_word' id='word_1_90' title='bbox 267 2095 562 2157; x_wconf 80' lang='lat' dir='ltr'>cognoverit,</span> <span class='ocrx_word' id='word_1_91' title='bbox 603 2102 654 2140; x_wconf 90' lang='lat' dir='ltr'>et</span> <span class='ocrx_word' id='word_1_92' title='bbox 694 2102 867 2159; x_wconf 85' lang='lat' dir='ltr'>poste-a</span> <span class='ocrx_word' id='word_1_93' title='bbox 907 2095 1035 2141; x_wconf 90' lang='lat' dir='ltr'>inter</span> <span class='ocrx_word' id='word_1_94' title='bbox 1076 2095 1270 2156; x_wconf 87' lang='lat' dir='ltr'>negotia</span> <span class='ocrx_word' id='word_1_95' title='bbox 1306 2095 1377 2143; x_wconf 89' lang='lat' dir='ltr'>rei</span> <span class='ocrx_word' id='word_1_96' title='bbox 1409 2094 1632 2141; x_wconf 85' lang='lat' dir='ltr'>militaris</span> 
     </span>
     <span class='ocr_line' id='line_1_16' title="bbox 268 2185 1633 2250; baseline -0.001 -16"><span class='ocrx_word' id='word_1_97' title='bbox 268 2185 532 2234; x_wconf 82' lang='lat' dir='ltr'>Caesarem</span> <span class='ocrx_word' id='word_1_98' title='bbox 564 2186 780 2235; x_wconf 84' lang='lat' dir='ltr'>studiose</span> <span class='ocrx_word' id='word_1_99' title='bbox 812 2188 996 2250; x_wconf 85' lang='lat' dir='ltr'>legerit,</span> <span class='ocrx_word' id='word_1_100' title='bbox 1035 2189 1282 2236; x_wconf 86' lang='lat' dir='ltr'>invenisse</span> <span class='ocrx_word' id='word_1_101' title='bbox 1313 2189 1367 2235; x_wconf 91' lang='lat' dir='ltr'>in</span> <span class='ocrx_word' id='word_1_102' title='bbox 1399 2185 1474 2235; x_wconf 88' lang='lat' dir='ltr'>his</span> <span class='ocrx_word' id='word_1_103' title='bbox 1508 2187 1633 2234; x_wconf 85' lang='lat' dir='ltr'>litte-</span> 
     </span>
     <span class='ocr_line' id='line_1_17' title="bbox 267 2278 1634 2346; baseline -0.001 -19"><span class='ocrx_word' id='word_1_104' title='bbox 267 2281 349 2337; x_wconf 85' lang='lat' dir='ltr'>ris,</span> <span class='ocrx_word' id='word_1_105' title='bbox 377 2278 506 2343; x_wconf 89' lang='lat' dir='ltr'>quod</span> <span class='ocrx_word' id='word_1_106' title='bbox 534 2281 682 2339; x_wconf 86' lang='lat' dir='ltr'>vitae,</span> <span class='ocrx_word' id='word_1_107' title='bbox 715 2295 817 2328; x_wconf 87' lang='lat' dir='ltr'>non</span> <span class='ocrx_word' id='word_1_108' title='bbox 849 2280 1058 2339; x_wconf 80' lang='lat' dir='ltr'>scholae,</span> <span class='ocrx_word' id='word_1_109' title='bbox 1090 2281 1357 2346; x_wconf 89' lang='lat' dir='ltr'>prodesset.</span> <span class='ocrx_word' id='word_1_110' title='bbox 1423 2279 1525 2328; x_wconf 90' lang='lat' dir='ltr'>Nec</span> <span class='ocrx_word' id='word_1_111' title='bbox 1549 2279 1634 2337; x_wconf 90' lang='lat' dir='ltr'>Te,</span> 
     </span>
     <span class='ocr_line' id='line_1_18' title="bbox 267 2372 1635 2438; baseline -0.001 -17"><span class='ocrx_word' id='word_1_112' title='bbox 267 2372 583 2421; x_wconf 82' lang='lat' dir='ltr'>Ferdinande</span> <span class='ocrx_word' id='word_1_113' title='bbox 612 2374 858 2438; x_wconf 86' lang='lat' dir='ltr'>Princeps,</span> <span class='ocrx_word' id='word_1_114' title='bbox 891 2376 1027 2422; x_wconf 88' lang='lat' dir='ltr'>cuius</span> <span class='ocrx_word' id='word_1_115' title='bbox 1063 2376 1303 2436; x_wconf 84' lang='lat' dir='ltr'>insignem</span> <span class='ocrx_word' id='word_1_116' title='bbox 1337 2374 1489 2420; x_wconf 88' lang='lat' dir='ltr'>animi</span> <span class='ocrx_word' id='word_1_117' title='bbox 1522 2389 1635 2419; x_wconf 83' lang='lat' dir='ltr'>can-</span> 
     </span>
     <span class='ocr_line' id='line_1_19' title="bbox 267 2464 1635 2532; baseline 0 -19"><span class='ocrx_word' id='word_1_118' title='bbox 267 2464 439 2513; x_wconf 85' lang='lat' dir='ltr'>dorem</span> <span class='ocrx_word' id='word_1_119' title='bbox 476 2474 524 2513; x_wconf 90' lang='lat' dir='ltr'>et</span> <span class='ocrx_word' id='word_1_120' title='bbox 556 2468 846 2532; x_wconf 82' lang='lat' dir='ltr'>sapientiam</span> <span class='ocrx_word' id='word_1_121' title='bbox 889 2467 1196 2515; x_wconf 85' lang='lat' dir='ltr'>admirantur</span> <span class='ocrx_word' id='word_1_122' title='bbox 1236 2481 1421 2525; x_wconf 89' lang='lat' dir='ltr'>omnes,</span> <span class='ocrx_word' id='word_1_123' title='bbox 1463 2467 1635 2530; x_wconf 89' lang='lat' dir='ltr'>quibus</span> 
     </span>
     <span class='ocr_line' id='line_1_20' title="bbox 267 2560 1635 2624; baseline 0.001 -19"><span class='ocrx_word' id='word_1_124' title='bbox 267 2560 468 2624; x_wconf 86' lang='lat' dir='ltr'>propius</span> <span class='ocrx_word' id='word_1_125' title='bbox 510 2575 654 2609; x_wconf 83' lang='lat' dir='ltr'>nosse</span> <span class='ocrx_word' id='word_1_126' title='bbox 695 2560 766 2609; x_wconf 86' lang='lat' dir='ltr'>Te</span> <span class='ocrx_word' id='word_1_127' title='bbox 799 2562 1020 2623; x_wconf 83' lang='lat' dir='ltr'>contigit,</span> <span class='ocrx_word' id='word_1_128' title='bbox 1053 2561 1147 2609; x_wconf 87' lang='lat' dir='ltr'>hae</span> <span class='ocrx_word' id='word_1_129' title='bbox 1180 2560 1369 2610; x_wconf 85' lang='lat' dir='ltr'>litterae</span> <span class='ocrx_word' id='word_1_130' title='bbox 1401 2561 1505 2608; x_wconf 87' lang='lat' dir='ltr'>sine</span> <span class='ocrx_word' id='word_1_131' title='bbox 1536 2560 1635 2608; x_wconf 85' lang='lat' dir='ltr'>sru-</span> 
     </span>
    </p>
   </div>
  </div>
 </body>
</html>
