1703 2961
217 135 272 178 60
665 137 721 191 Q.
750 136 955 181 CURTII
981 138 1121 182 RUFI

216 246 424 290 arietibus
459 263 661 291 saxorum
709 265 918 307 compage
955 251 1114 302 laxata,
1151 253 1427 297 munimenta
1462 254 1576 296 defe-

219 328 380 370 cerant,
412 328 455 363 et
485 322 625 364 classis
662 323 897 364 intraverat
927 332 1120 380 portum,
1149 332 1193 366 et
1222 326 1402 382 quidam
1430 328 1576 370 Mace-

217 391 386 434 donum
434 394 478 435 in
527 403 668 436 turres
708 394 902 435 hostium
943 396 1133 439 desertas
1173 405 1417 440 evaserant:
1473 415 1574 441 curn

215 463 348 523 Tyrii,
389 472 457 507 tot
498 467 625 508 simul
663 466 787 507 malis
825 467 952 518 victi,
989 470 1057 511 alii
1097 469 1312 526 supplices
1340 469 1386 511 in
1411 471 1574 526 templa

213 536 484 593 confugiunt,
527 539 596 579 alii
632 538 802 579 foribus
830 540 1005 583 aedium
1037 541 1248 583 obseratis
1281 549 1503 597 occupant
1533 541 1578 582 li-

209 606 369 651 berum
418 609 574 652 mortis
614 609 873 660 arbitrium,
901 613 1100 654 nonnulli
1137 621 1271 655 ruunt
1305 613 1351 653 in
1387 611 1578 662 hostem,

210 678 329 722 haud
361 681 483 722 inulti
515 689 665 723 tamen
690 683 886 740 perituri,
916 699 1074 741 magna
1105 701 1205 741 pars
1234 700 1408 727 summa
1438 693 1575 726 tecto-

209 766 310 792 rum
339 753 582 802 obtinebat,
623 770 720 797 saxa
763 763 807 796 et
844 757 1053 814 quicquid
1088 756 1180 797 fors
1220 758 1424 798 manibus
1452 762 1466 782 ¹
1504 757 1573 798 de-

210 823 356 875 derat,
406 825 652 882 ingerentes
701 827 999 869 subeuntibus.
1074 828 1343 878 Alexander,
1383 829 1634 885 exceptistz
1687 819 1689 823 ‚

208 896 282 953 qui
315 897 358 938 in
396 898 559 955 templa
598 898 899 956 confugerant,
928 914 1082 941 omnes
1113 899 1309 948 interfici,
1338 900 1571 957 ignemque

207 969 334 1011 tectis
372 968 489 1012 iniici
527 970 662 1012 iubet.
737 971 814 1012 His
856 987 938 1028 per
984 987 1226 1029 praecones
1263 972 1635 1029 pronuntiatis‚14

205 1056 339 1083 nemo
377 1049 527 1084 tamen
569 1050 764 1084 armatus
815 1059 947 1101 opem
978 1059 1001 1085 a
1033 1044 1111 1085 diis
1148 1051 1299 1100 petere
1348 1044 1570 1085 sustinuit:

205 1115 330 1170 pueri
367 1114 639 1171 virginesque
677 1114 842 1171 templa
882 1115 1227 1171 compleverant,
1266 1116 1343 1157 viri
1374 1117 1416 1157 in
1445 1117 1570 1158 vesti-

204 1185 309 1227 bulo
331 1200 510 1228 suarum
534 1186 717 1243 quisque
747 1185 921 1227 aedium
953 1187 1139 1237 stabant,
1169 1197 1319 1245 parata
1347 1188 1566 1228 saevienti-

203 1257 285 1298 bus
314 1258 455 1299 turba.
515 1258 667 1300 Multis
698 1265 848 1299 tamen
878 1258 1001 1299 saluti
1032 1259 1153 1301 fuere
1191 1259 1379 1310 Sidonii,
1405 1260 1480 1316 qui
1509 1259 1568 1300 in-
1590 1272 1631 1298 ις

201 1335 268 1370 tra
299 1330 602 1372 Macedonum
643 1329 858 1388 praesidia
899 1338 1035 1372 erant.
1105 1333 1159 1374 Hi
1199 1333 1356 1374 urbem
1389 1331 1566 1388 quidem

200 1402 317 1444 inter
346 1403 536 1445 victores
573 1403 857 1450 intraverant,
890 1403 964 1444 sed
997 1404 1269 1460 cognationis
1303 1403 1565 1459 cum'l*yriis

199 1489 433 1525 memores,
475 1475 656 1531 (quippe
687 1482 920 1531 utramque
949 1475 1105 1515 urbem
1134 1476 1384 1527 Agenorem
1417 1475 1565 1515 condi·
1685 1482 1688 1501 ¹

200 1547 311 1588 disse
350 1546 622 1598 credebant,)
661 1546 824 1588 multos
863 1547 1126 1600 Tyriorum,
1169 1547 1302 1587 etiam
1333 1554 1565 1603 protegen-

197 1626 274 1669 tes,
309 1620 363 1660 ad
391 1635 469 1660 sua
503 1619 746 1679 perduxere
783 1619 959 1675 navigia,
1001 1619 1158 1676 quibus
1199 1619 1406 1661 occultati
1439 1619 1562 1659 Sido·
1686 1615 1703 1673 {l

194 1707 250 1732 na
291 1691 459 1733 devecti
499 1698 610 1732 sunt.
698 1690 968 1746 Quindecim
1009 1691 1128 1732 milia
1174 1691 1261 1732 hoc
1307 1690 1426 1731 furto
1464 1692 1562 1732 sub-
1685 1681 1703 1755 y}

193 1764 324 1805 ducta
365 1763 565 1806 saevitiae
606 1770 718 1805 sunt.
802 1763 1116 1820 Quantumque
1159 1763 1376 1819 sanguinis
1409 1763 1622 1805 fusum¹6

190 1836 257 1885 sit,
297 1835 364 1878 vel
403 1852 453 1877 ex
489 1835 577 1877 hoc
613 1835 832 1876 aestimari
860 1838 879 1860 2
915 1842 1083 1891 potest,
1125 1835 1246 1891 quod
1275 1836 1388 1876 intra
1419 1838 1561 1878 muni·
1686 1826 1703 1863 Ὗ

189 1916 340 1951 menta
386 1908 505 1949 urbis
562 1922 634 1949 sex
691 1907 809 1948 milia
866 1914 1140 1948 armatorum
1185 1906 1405 1948 trucidata
1446 1918 1561 1950 sunt.

189 1981 334 2023 Triste
372 1980 531 2022 deinde
560 1980 862 2036 spectaculum
889 1979 1129 2021 victoribus
1158 1978 1220 2020 ira
1252 1979 1455 2035 praebuit
1484 1996 1607 2024 re-17

189 2054 263 2111 gis.
321 2053 425 2094 Duo
457 2052 590 2100 milia,
632 2052 678 2094 in
711 2052 869 2109 quibus
909 2051 1162 2094 occidendis
1186 2053 1204 2081 3
1241 2052 1462 2095 defecerat
1489 2069 1556 2096 ra-

188 2128 293 2177 bies,
325 2125 530 2168 crucibus
561 2123 674 2166 affixi
717 2139 797 2180 per
824 2124 975 2180 ingens
1003 2123 1142 2165 litoris
1173 2124 1361 2180 spatium
1394 2141 1555 2181 pepen-
1701 2178 1703 2188 ἢ

188 2201 359 2243 derunt.
427 2196 857 2254 Carthaginiensium
888 2196 1036 2252 legatis
1063 2196 1272 2253 pepercit,
1304 2196 1450 2238 addita
1483 2198 1614 2238 de-xe
1701 2214 1703 2240 A

184 2270 463 2314 nuntiatione
501 2268 616 2318 belli,
656 2269 776 2326 quod
816 2269 1116 2326 praesentium
1142 2283 1289 2310 rerum
1318 2270 1551 2312 necessitas

182 2348 446 2389 moraretur.

119 2428 175 2471 20
271 2417 459 2473 Tyros⁴
496 2411 686 2469 septimo
726 2428 901 2465 mense,
937 2427 1070 2470 quam
1109 2413 1351 2470 oppugnari
1391 2421 1548 2470 coepta
1567 2430 1613 2459 19

186 2495 292 2538 erat,
325 2493 453 2543 capta
493 2492 570 2534 est,
611 2485 717 2526 urbs
756 2493 800 2528 et
836 2491 1051 2528 vetustate
1096 2485 1273 2542 originis
1312 2493 1357 2528 et
1394 2487 1549 2528 crebra

185 2634 204 2660 1
231 2632 407 2669 manibus
432 2631 522 2667 fors.
626 2631 647 2657 2
674 2631 889 2666 existimari.
980 2629 1001 2660 3
1035 2629 1253 2665 occidendi.
1359 2631 1383 2663 4
1406 2630 1544 2676 Tyrus.
