1703 2961
214 142 296 186 304
596 152 599 155 ·
676 141 733 198 Q.
765 141 968 184 cuam
1003 142 1143 186 Rem

214 262 311 288 teras
339 265 362 287 a
387 253 588 287 Leonnato
609 254 713 300 apud
737 254 890 288 Horitas
916 254 1065 296 relicto,
1096 261 1132 288 et
1159 266 1181 289 a
1210 256 1364 290 Cratero
1390 267 1461 302 per
1485 256 1573 290 Ara-

216 315 388 349 chosiam
415 321 451 347 et
478 315 740 361 Drangianam
766 327 854 349 cum
879 324 986 362 parte
1012 317 1196 350 exercitus
1222 315 1489 362 proficiscente
1515 328 1572 350 ac-

215 378 320 422 cipit.
377 377 462 422 Ipse
495 377 539 410 in
573 376 818 411 Carmaniam
844 378 1045 422 processit,
1091 379 1197 412 cuius
1225 379 1346 423 gentis
1375 379 1574 424 Satrapam

212 439 408 483 Aspasten,
434 437 525 470 dum
551 437 659 471 audit
682 437 880 476 delatores,
907 439 949 473 in
966 440 1116 472 honore
1142 440 1291 473 habuit.
1341 440 1424 485 (42)
1450 440 1573 474 Resti-

213 501 302 533 tutis
339 500 590 542 detrimentis,
635 511 732 544 quae
770 501 958 534 exercitus
989 502 1227 547 improspero
1255 512 1324 547 per
1352 501 1574 535 Cedrosiam

213 562 350 595 itinere
370 561 523 598 fecerat,
558 561 800 595 Carmaniam
825 570 998 607 peragrat
1022 563 1219 597 luxurioso
1240 563 1401 608 agmine,
1427 562 1575 596 Bacchi

211 623 453 668 triumphum
489 622 597 656 victis
632 623 764 656 Indiae
806 625 982 669 gentibus
1015 625 1184 660 imitans.
1247 624 1405 658 Interim
1441 629 1571 657 tamen

210 685 384 730 Aspastes
409 684 602 730 supplicio
631 683 808 719 afficitur.

209 786 504 855 ALEXAND
520 819 594 857 ER,
629 814 723 849 tam
766 809 1045 850 memorabili
1085 810 1266 852 victoria
1309 810 1457 857 laetus,
1485 817 1610 865 qual·

210 879 290 921 sibi
320 879 516 921 Orientis
548 878 655 921 fines
688 889 862 937 apertos
895 897 985 924 esse
1015 880 1231 931 censebat,
1263 880 1353 922 Soli
1383 880 1571 922 victimis

212 951 358 1001 caesis,
396 951 556 992 milites
596 968 787 1010 quoque,
825 969 912 1011 quo
942 953 1290 1011 promptioribus
1322 951 1478 993 animis
1506 966 1571 992 re-

208 1023 324 1080 liqua
366 1023 496 1064 belli¹
541 1024 734 1074 obirent,
783 1041 865 1081 pro
905 1027 1112 1068 contione
1156 1025 1358 1066 laudatos
1407 1024 1571 1074 docuit,

210 1095 419 1153 quicquid
441 1096 558 1137 Indis
584 1097 742 1138 virium
776 1097 939 1146 fuisset,
969 1098 1036 1138 illa
1069 1097 1351 1139 dimicatione
1381 1104 1573 1153 prostra-

1605 1184 1622 1206 w

206 1175 325 1217 tum3
359 1172 586 1209 ceteram²
623 1170 820 1226 opimam
859 1170 1070 1227 praedam
1100 1170 1208 1219 fore,
1242 1168 1570 1224 celebratasque

209 1255 313 1294 opes
344 1240 387 1280 in
420 1255 468 1281 ea
501 1240 677 1297 regione
708 1243 918 1293 eminere,
951 1257 1083 1299 quam
1113 1249 1325 1298 peterent.
1380 1241 1571 1283 Proinde

208 1310 298 1352 iam
336 1311 432 1351 vilia
475 1318 519 1351 et
558 1312 752 1354 obsoleta
797 1330 886 1354 esse
926 1314 1061 1370 spolia
1104 1313 1156 1354 de
1198 1314 1352 1354 Persis:
1389 1313 1571 1369 gemmis

206 1383 540 1440 margaritisque
571 1393 614 1425 ct
645 1400 752 1426 auro
784 1393 914 1441 atque
946 1385 1078 1426 ebore
1104 1384 1413 1426 Macedoniam
1440 1384 1574 1427 Grae-

209 1455 431 1512 ciamque,
471 1471 563 1496 non
601 1472 699 1497 suas
739 1465 916 1499 tantum
968 1458 1146 1507 domos,
1195 1456 1413 1512 repletum
1460 1456 1567 1498 ire.³

207 1527 334 1568 Avidi
376 1528 533 1570 milites
568 1537 611 1569 et
651 1530 862 1586 pecuniae
902 1537 945 1572 et
973 1530 1146 1587 gloriae,
1177 1529 1307 1571 simul
1335 1529 1433 1586 quia
1463 1545 1574 1570 nun-
1605 1544 1623 1572 3

209 1616 342 1657 quam
382 1605 496 1642 eos4
537 1600 771 1643 affirmatio
801 1603 892 1644 eius
920 1602 1144 1649 fefellerat,
1176 1602 1442 1659 pollicentur
1472 1616 1574 1657 ope-

199 1688 322 1717 ram:
350 1673 621 1731 dimissisque
657 1691 757 1716 cum
797 1676 914 1716 bona
947 1691 1036 1732 spe,
1063 1676 1232 1731 navigia
1265 1673 1568 1716 exaedificari⁵

205 1744 350 1793 iuben
370 1753 432 1793 ut,
463 1762 565 1788 cum
596 1754 738 1788 totam
765 1747 914 1788 Asiam
940 1748 1274 1804 percurrisset‚⁶
1318 1745 1451 1787 finem
1488 1753 1574 1786 ter-

204 1833 355 1858 rarum
386 1834 508 1859 mare
541 1819 753 1860 inviseret.
808 1819 948 1861 Multa
982 1821 1165 1861 materia
1200 1818 1363 1861 navalis
1392 1818 1437 1859 in
1471 1832 1571 1874 pro·
1601 1836 1623 1859 4

204 1890 328 1932 ximis
357 1891 586 1932 montibus
617 1901 728 1933 erat:
758 1908 892 1949 quam
924 1893 1106 1934 caedere
1135 1891 1327 1948 aggressi,
1355 1890 1572 1947 magnitu-

205 1962 315 2003 dinis
343 1962 571 2005 inusitatae
595 1980 826 2021 repperere
853 1972 1087 2021 serpentes.
1125 1964 1446 2006 Rhinocerotes
1467 1978 1571 2020 quo-
1605 1981 1621 2007 5

206 2050 302 2091 que⁷
347 2049 498 2075 rarum
538 2035 638 2076 alibi
682 2037 864 2086 animal,
901 2038 945 2078 in
987 2038 1141 2079 iisdem
1179 2036 1406 2078 montibus
1435 2042 1572 2076 erant.

207 2106 418 2147 Ceterum
458 2107 544 2149 hoc
580 2125 745 2150 nomen
785 2110 956 2150 beluis⁷
992 2109 1179 2150 inditum
1211 2124 1232 2148 a
1262 2107 1462 2149 Graecis:
1485 2120 1571 2147 ser-

194 2179 349 2219 monis
399 2179 490 2219 cius
529 2180 664 2236 ignari
709 2182 822 2222 aliud
864 2183 1005 2238 lingua
1046 2197 1118 2222 sua
1169 2187 1394 2234 usurpant.
1466 2178 1569 2227 Rex,
1603 2191 1623 2219 6

209 2251 375 2290 duabus
411 2252 591 2293 urbibus
627 2255 812 2295 conditis
845 2255 886 2295 in
921 2264 1107 2312 utraque
1133 2253 1335 2302 fluminis,
1369 2251 1485 2309 quod
1509 2267 1576 2291 su-

206 2332 448 2378 peraverat,
489 2325 594 2381 ripa,
638 2327 867 2383 copiarum
911 2329 1043 2369 duces
1085 2326 1259 2369 coronis
1284 2333 1327 2366 et
1357 2325 1473 2365 mille
1505 2339 1577 2364 au-

1491 2396 1575 2438 reis
1698 2421 1703 2494 1

204 2547 220 2569 1
248 2547 399 2593 reliqua
424 2549 517 2582 belli
549 2551 727 2585 munia.
891 2552 910 2578 2
938 2559 1120 2589 ceterum.
1279 2550 1298 2581 3
1324 2551 1570 2597 repleturum.

292 2603 313 2632 4
341 2614 540 2648 nunquam
570 2604 774 2640 affirmatio
803 2606 882 2639 eius
906 2607 1097 2641 fefellerat
1125 2616 1220 2640 eos.
1316 2606 1334 2634 5
1359 2602 1566 2638 aedificari.

294 2654 315 2679 ⁶
338 2658 624 2699 percussissent.
765 2661 782 2687 7
811 2661 934 2694 beluis
961 2661 1036 2695 iis.
