1703 2961
303 115 384 157 DE
417 115 623 159 GESTIS
652 115 819 158 ALEX.
851 115 988 159 ARG.
1021 115 1169 157 LIBR.
1199 115 1248 155 X.
1373 109 1456 154 343

94 228 174 261 lum
199 226 339 261 inferre
371 226 667 261 Atheniensibus
706 227 946 266 decrevisset,
973 228 1080 260 illum
1113 225 1270 260 interim
1295 223 1454 257 Athenis

95 290 260 322 eiectum
287 296 323 322 et
342 288 534 322 aGraecis
562 288 762 330 militibus,
791 301 885 334 quos
912 289 1089 322 mercede
1117 288 1369 329 conduxerat,
1395 285 1451 318 in-

91 349 296 384 terfectum
323 350 516 395 cognovit.
566 351 697 395 ltaque
722 350 826 383 bello
853 351 993 384 omisso
1018 351 1219 396 imperavit
1241 356 1384 389 tamen,
1409 353 1454 380 ut

93 411 222 444 exules
257 411 297 444 in
332 412 501 445 civitates
533 422 617 444 suas
644 413 917 456 reciperentur,
953 412 1013 445 cui
1052 411 1179 444 edicto
1219 422 1306 444 cum
1335 409 1452 443 ceteri

93 479 285 517 parerent,
324 472 573 506 Athenienses
614 472 914 517 refragabantur.
962 473 1022 518 (8)
1061 472 1164 506 Susis
1200 473 1307 517 (vere
1339 483 1376 503 a.
1412 482 1451 503 a.

96 531 183 566 Clzr.
216 542 298 567 nat.
333 536 436 579 325.)
464 548 552 568 cum
576 534 709 569 stativa
724 533 882 567 haberet
897 545 961 567 rex
985 534 1097 579 (narn
1123 535 1177 567 sic
1200 531 1355 566 videtur
1368 543 1455 564 cum

90 592 270 627 Diodoro
307 607 490 629 narrasse
531 596 696 637 Cur-cius,
721 595 833 640 longe
858 595 980 628 aliter
1002 603 1121 640 atque
1146 593 1360 630 Arrianus,
1387 591 1454 636 qui

91 654 254 688 eandem
282 668 364 690 rem
392 656 472 704 Opi
503 657 557 690 ad
597 657 746 702 Tigrim
779 655 960 690 accidisse
985 655 1130 697 tradit)
1157 656 1344 688 maiorem
1367 663 1452 698 par-

88 722 164 747 tem
202 717 336 750 veteris
372 719 557 752 exercitus
592 718 746 759 dimisit,
767 718 893 751 soluto
919 719 1024 764 prius
1049 717 1315 750 liberalissime
1350 714 1454 747 mili--

88 782 168 809 tum
198 788 283 810 aere
309 779 450 813 alieno.
503 780 562 823 (9)
586 779 659 812 Sed
692 791 777 812 cum
805 779 1036 812 Macedones
1061 790 1188 824 regem
1213 778 1255 811 in
1282 777 1370 811 Asia
1396 785 1452 809 re-

88 849 242 871 manere
273 841 372 873 velle
408 841 697 883 intellexissent,
729 841 920 875 seditione
948 848 1041 883 orta,
1071 841 1294 873 missionem
1319 848 1452 872 omnes

89 899 270 934 obstinati
302 904 496 947 postulare
537 903 743 948 incipiunt,
786 914 858 935 nec
886 903 982 947 regis
1008 902 1275 935 admonitione
1302 908 1452 934 mutan-

89 969 160 995 tur.
216 963 299 1008 (10)
326 963 428 997 Tum
451 965 519 997 ille
543 964 703 1010 graviter
725 975 788 997 eos
815 964 1002 1009 increpat,
1029 971 1064 996 et
1093 964 1242 997 deserto
1269 974 1355 1008 rege
1383 974 1452 996 suo

90 1023 249 1057 domum
280 1025 405 1058 redire
443 1026 570 1058 iubet:
606 1026 780 1059 Asiaticis
815 1037 854 1059 se
889 1025 1073 1058 militibus
1102 1032 1330 1058 contentum
1354 1011 1452 1057 fore.

90 1086 172 1131 (11)
203 1087 378 1132 Cumque
397 1087 610 1121 desiluisset
635 1087 682 1120 de
705 1087 901 1129 tribunali,
930 1087 1182 1120 concitatores
1209 1087 1360 1132 aliquos
1377 1095 1455 1118 ma-

89 1159 141 1180 nu
167 1147 464 1193 comprehensos
493 1149 662 1191 abducit,
698 1149 831 1183 ceteris
863 1147 1117 1180 admiratione
1146 1159 1190 1180 ac
1219 1147 1354 1180 dolore
1377 1152 1454 1178 tor-

86 1209 278 1254 pentibus,
304 1221 374 1242 nec
398 1209 642 1254 poenitentia
660 1209 844 1242 exercitus
864 1217 1048 1242 movetur.
1101 1209 1182 1253 (12)
1212 1208 1318 1254 Quin
1337 1207 1453 1240 etiam

86 1271 343 1304 Asiaticorum
375 1270 541 1303 militum
582 1270 766 1303 contione
807 1269 1004 1308 advocata,
1041 1281 1174 1303 eorum
1209 1280 1250 1302 se
1286 1267 1452 1314 posthac

87 1343 204 1378 opera
223 1343 379 1365 usurum
403 1331 510 1368 dicit,
539 1343 634 1376 quos
664 1342 714 1364 ne
742 1331 855 1364 initio
885 1330 1041 1375 quidem
1069 1341 1274 1367 servorum,
1304 1328 1371 1362 sed
1397 1327 1451 1361 ci-

86 1395 192 1426 vium
224 1393 314 1426 loco
350 1391 541 1425 habuerit.
599 1392 677 1436 (13)
714 1392 802 1438 Quo
838 1390 941 1425 facto
973 1379 1207 1425 Macedoness
1240 1396 1452 1424 maerentes

86 1461 187 1488 totos
215 1465 255 1487 se
279 1454 357 1499 regi
384 1452 533 1486 dedunt
555 1453 776 1499 puniendos
802 1459 1000 1498 utcunque
1024 1453 1129 1486 velit.
1176 1452 1254 1486 Sed
1277 1453 1454 1486 maxima

87 1517 174 1549 hinc
197 1515 338 1549 lacuna
362 1523 420 1548 esc
445 1514 724 1560 elegantissimi
749 1517 890 1561 operis,
919 1527 1035 1560 quaen
1059 1513 1230 1547 collectis
1258 1512 1450 1555 omnibus,

88 1589 187 1623 quae
213 1575 321 1623 apud
342 1575 513 1621 reliquos
535 1585 725 1613 auctores,
751 1578 946 1622 imprimis
962 1574 1195 1613 Art-ianam,
1224 1573 1451 1616 Diodorum,

86 1637 349 1679 Plutarchum,
378 1635 573 1681 leguntur,
597 1640 748 1671 sarcire
773 1646 934 1671 conatus
961 1645 1018 1670 esc
1035 1635 1137 1670 idem
1156 1636 1451 1679 Freinshemius,

85 1698 199 1734 docte
232 1697 387 1745 quidem
420 1699 558 1736 hercle,
592 1698 662 1732 sed
693 1701 753 1732 ica
784 1708 829 1732 ut
852 1698 973 1740 facile
996 1701 1151 1736 sencias,
1181 1707 1370 1744 quantum
1394 1699 1451 1730 in-

86 1770 151 1795 ter
185 1769 353 1794 veterem
392 1759 656 1806 eloquentiam
696 1770 737 1795 ec
770 1769 950 1795 nostram
992 1759 1257 1794 eruditionem
1293 1760 1453 1793 intersit

85 1821 306 1856 discrimen.

131 1881 214 1928 (11¹1)
240 1882 455 1916 Alexander
487 1882 602 1916 morti
636 1882 832 1928 proximus
865 1895 886 1917 a
918 1890 1002 1917 toto
1041 1884 1226 1927 exercitu,
1259 1883 1351 1916 dum
1376 1882 1448 1915 sin-

87 1943 165 1990 guli
192 1943 342 1981 milites,
369 1944 548 1977 ultimum
574 1945 684 1978 illum
711 1944 837 1986 visuri,
865 1952 1111 1990 praetereunt
1138 1945 1298 1986 lectum,
1326 1953 1449 1988 persa-

84 2005 242 2047 lutatur‚
265 2016 337 2038 nec
365 2006 487 2039 multo
512 2013 601 2052 post
626 2007 869 2052 extinguitur.
890 2005 1110 2050 (undecimo
1135 2005 1200 2040 die
1225 2006 1366 2038 mensis
1391 2004 1450 2036 Iu.-

86 2068 144 2099 nii
174 2079 212 2098 α.
246 2079 282 2099 a.
319 2066 409 2101 Chr.
441 2077 523 2102 nac.
550 2072 634 2111 323,
663 2081 747 2101 cum
776 2071 930 2102 vixisset
956 2081 1079 2102 annos
1105 2072 1149 2104 32
1175 2078 1321 2100 menses¹
1346 2073 1449 2107 occo,

89 2127 242 2173 Oly'mp.
274 2125 356 2171 114,
386 2134 418 2164 1.
447 2139 549 2163 extr.
584 2129 786 2165 Arclzonce
825 2129 1012 2175 Hegesia)
1075 2131 1151 2175 (15.
1193 2129 1254 2172 16)
1292 2128 1452 2161 Summo

86 2199 259 2222 maerore
287 2196 323 2222 et
345 2189 579 2223 Macedones
607 2198 643 2223 et
666 2191 801 2225 Persae
826 2190 1064 2236 affliguntur,
1088 2191 1203 2224 simul
1231 2201 1332 2232 cura,
1360 2187 1454 2234 quid

88 2249 229 2283 deinde
261 2250 308 2282 sit
337 2249 521 2285 futurum.
579 2252 662 2297 (17)
694 2252 885 2298 Imprimis
908 2253 1155 2299 Sisygambis,
1183 2252 1292 2285 Darii
1323 2258 1453 2293 mater,

88 2322 221 2345 casum
246 2310 352 2345 hunc
380 2313 542 2358 graviter
575 2313 662 2356 fert,
689 2325 733 2347 ac
758 2314 1016 2348 voluntariam
1042 2322 1204 2348 mortem
1230 2313 1324 2347 obit.
1367 2312 1450 2357 (18)

88 2372 230 2406 Auctor
266 2373 472 2408 Alexandri
517 2375 672 2409 virtutes
712 2376 830 2422 ipsius
863 2383 1022 2410 naturae
1047 2376 1236 2423 proprias,
1259 2374 1352 2408 vitia
1373 2373 1451 2407 for-

88 2439 204 2467 tunae
229 2435 291 2468 vel
316 2436 447 2469 aetatis
470 2435 588 2470 fuisse
618 2437 785 2483 exponit.

134 2494 218 2540 (19)
253 2496 497 2532 Convocatos
533 2498 662 2538 duces,
694 2499 878 2533 affluente
915 2499 1029 2533 etiam
1064 2498 1313 2533 multitudine
1351 2495 1450 2530 mili-

89 2563 186 2599 tum,
219 2557 417 2592 Perdiccas
456 2558 700 2606 (praefectus
731 2562 906 2606 equitum
932 2564 1147 2595 amicorum
1169 2562 1246 2594 sive
1268 2556 1450 2593 Macedo-

91 2619 295 2664 uicorum)
329 2621 508 2666 consulit,
549 2632 665 2668 quem
699 2621 856 2656 interim
909 2621 1003 2656 dum
1040 2620 1249 2658 Alexandri
1283 2625 1453 2667 speratus

236 2733 257 2756 O
