1703 2961
0 0 4 134 Ι

0 143 3 221 [ι
407 154 488 196 DE
521 153 727 196 Gsss'rls
757 154 925 196 Atax.
957 156 1068 206 viu,
1090 153 1156 198 40.
1369 159 1452 198 293

0 225 3 339 l
93 284 194 312 cum
222 266 376 310 ceteris
417 266 554 320 copiis
588 266 632 308 in
672 265 895 321 regionem
930 266 1105 318 insulae,
1147 268 1200 309 de
1231 285 1313 325 qua
1347 277 1447 311 ante

91 341 257 383 dictum
286 345 361 387 est,
381 338 576 393 parabat,
604 351 751 378 averso
777 337 902 379 hoste
934 338 977 378 in
1005 354 1091 387 eos,
1123 340 1194 395 qui
1225 356 1326 380 cuni
1349 342 1447 383 l'to-

88 413 257 454 lemaeo
297 409 550 450 inferiorem
587 408 852 450 obsederant
891 410 1058 466 ripam3
1111 426 1213 452 cum
1251 413 1443 466 procella

87 483 277 524 imbrem
315 480 382 521 vix
419 479 497 520 sub
528 480 652 522 tectis
690 480 964 522 tolerabilem
995 480 1231 523 effundit.¹
1298 481 1444 524 Obru-

85 555 203 611 tique
230 552 386 594 milites
416 550 568 592 nimbo
601 551 645 592 in
674 559 838 594 terram
868 553 1134 609 refugerunt,
1166 553 1344 610 navigiis
1372 569 1443 596 ra-

83 625 286 682 tibusque
326 622 518 664 desertis.
585 623 672 665 Sed
705 624 1068 666 tumultuantium
1115 625 1327 676 fremitus,
1366 627 1444 668 ob·

84 695 376 753 strepentibus
421 695 607 745 ventis,2
656 696 711 738 ab
758 695 885 738 hoste
933 711 1025 737 non
1068 703 1243 752 poterat
1284 698 1440 743 audiri.

23 769 252 814 MDeinde
287 773 519 808 momento
563 768 776 825 temporis
812 782 1032 825 repressus
1075 775 1138 808 est
1175 768 1340 818 imber,
1370 785 1438 812 ce-

80 847 227 881 terum
256 838 367 880 adeo
399 838 556 893 spissae
594 839 822 881 intendere
852 855 896 881 se
931 840 1083 889 nubes,
1115 845 1164 880 ut
1193 839 1438 882 conderent

78 910 236 960 lucem,
279 909 433 966 vixque
471 911 817 968 colloquentium
844 911 962 953 inter
991 911 1105 966 ipsos
1134 911 1267 953 facies
1295 918 1436 953 nosci-

18 991 61 1027 ξε
80 988 256 1022 taretur.
323 982 567 1024 Terruisset
606 982 740 1024 alium
777 983 970 1025 obducta
1019 999 1107 1024 nox
1141 982 1291 1033 coelo,
1331 999 1434 1026 cum

75 1053 226 1108 ignoto
268 1067 399 1094 amne
430 1053 723 1109 navigandum
768 1062 899 1105 esset,
933 1054 1118 1096 forsitan
1161 1054 1288 1095 hoste
1334 1070 1433 1096 eam

76 1126 217 1180 ipsam
255 1124 407 1178 ripam,
445 1140 579 1181 quam
622 1126 740 1167 caeci
770 1134 901 1183 atque
929 1125 1164 1183 improvidi
1196 1133 1240 1166 et
1283 1142 1333 1168 ex
1359 1143 1432 1185 pe-

38 1242 41 1245 Α
73 1196 212 1238 riculo
250 1195 435 1252 gloriam
473 1204 745 1238 accersentes
773 1197 996 1254 petebant,
1027 1205 1284 1252 occupante.
1338 1198 1432 1240 Ob-

73 1268 340 1318 scuritatem,
366 1282 488 1324 'quae
527 1274 696 1310 eeteros
734 1269 944 1318 terrebat,
985 1284 1111 1311 suam
1148 1269 1429 1312 occasionem

12 1347 59 1377 26
71 1349 202 1390 ratus,
230 1341 335 1382 dato
375 1338 510 1395 signo,
554 1346 604 1380 ut
642 1354 797 1381 omnes
838 1340 1009 1382 silentio
1029 1341 1341 1392 ascenderent,
1367 1358 1432 1385 ra-

26 1440 39 1452 -1
69 1413 193 1454 texn³
226 1426 339 1461 eam,
362 1425 448 1467 qua
474 1409 566 1466 ipse
596 1410 854 1464 vehebatur,
891 1412 1081 1467 primam
1112 1413 1233 1454 iussit
1262 1415 1428 1470 expelli.

14 1498 58 1524 27
73 1486 225 1526 Vacua
259 1489 354 1524 erat
390 1483 444 1522 ab
477 1480 677 1524 hostibus
705 1484 814 1540 ripa,
846 1500 957 1540 quae
981 1485 1236 1541 petebatur,
1267 1486 1428 1543 quippe

72 1557 217 1599 adhuc
258 1555 397 1596 Porus
432 1553 738 1597 Ptolemaeum
784 1563 961 1597 tantum
1000 1557 1263 1598 intuebatur.
1328 1544 1428 1600 Una

73 1642 174 1685 ergo
204 1624 313 1675 navi,
349 1640 484 1682 quam
522 1635 672 1683 petrae
698 1627 857 1669 fluctus
887 1627 1072 1678 illiserat,
1104 1628 1329 1680 haerente,
1362 1646 1429 1672 ce-

70 1708 189 1742 terae
226 1698 437 1747 evadunt;
477 1712 687 1756 armaque
728 1714 886 1756 capere
917 1699 1087 1751 milites,
1121 1708 1164 1742 et
1195 1701 1257 1742 ire
1286 1701 1331 1743 in
1361 1717 1428 1744 or-

67 1772 195 1815 dines
225 1770 359 1812 iussit.

16 1852 68 1882 lv.
153 1845 338 1899 Iamque
375 1855 535 1897 agmen
564 1842 611 1883 in
645 1856 809 1884 cornua
848 1842 1033 1884 divisum
1079 1844 1170 1901 ipse
1219 1845 1421 1896 ducebat,
1435 1845 1489 1894 47

71 1929 174 1958 curn
212 1914 328 1955 Poro
350 1913 617 1964 nuntiatur,
657 1915 788 1955 armis
826 1914 1013 1972 virisque
1049 1916 1194 1973 ripam
1224 1916 1425 1966 obtineri,

66 1994 113 2034 ‚et
141 2000 291 2027 rerum
327 1985 475 2026 adesse
511 1986 760 2027 discrimen.
824 1987 889 2028 Ac
919 1986 1066 2042 primo
1100 1987 1281 2029 humani
1311 1988 1427 2045 inge-

61 2059 131 2100 nii
160 2057 263 2099 vitio
299 2056 391 2113 spei
429 2072 531 2098 suae
570 2057 808 2114 indulgens,
845 2058 1097 2099 Abisaren4
1127 2059 1226 2101 belli
1255 2059 1426 2101 socium

21 2146 42 2171 2
71 2135 132 2183 (et
164 2130 223 2171 ita
265 2133 548 2181 convenerat)
588 2130 822 2187 adventare
865 2130 1084 2172 credebat.
1150 2130 1258 2172 Mox
1304 2130 1429 2188 liqui-

73 2203 194 2244 diore
230 2201 328 2243 luce
364 2201 586 2258 aperiente
627 2201 812 2252 hostem,
849 2215 870 2243 c
911 2202 1152 2259 quadrigas,
1183 2210 1226 2243 et
1254 2215 1318 2242 1111
1349 2202 1428 2243 mi-

50 2275 124 2317 'lia
156 2273 353 2330 equitum
395 2272 585 2315 venienti
626 2273 788 2329 agmini
832 2274 1042 2317 obiecit.⁵
1106 2275 1208 2315 Dux
1236 2281 1330 2315 erat
1357 2289 1428 2316 co-

32 2391 36 2395 ,
70 2346 257 2402 piarum,
295 2361 402 2402 quas
436 2345 673 2402 praemisit,
708 2345 850 2402 Hages
885 2346 1214 2402 frater-ipsius,
1254 2360 1428 2388 summa

24 2431 42 2459 3
71 2417 228 2457 virium
273 2415 320 2458 in
363 2418 572 2460 curribus.
644 2417 783 2459 Senos
829 2418 943 2460 viros
991 2419 1144 2474 singuli
1193 2417 1430 2468 vehebant,

13 2513 17 2545 i
75 2489 184 2529 duos
202 2487 418 2543 clipeatos,
437 2489 547 2531 duos
565 2489 819 2545 sagittarios,
839 2490 892 2531 ab
912 2497 1100 2547 utroque
1125 2490 1259 2531 latere
1286 2489 1431 2545 dispo-

14 2594 17 2640 ξ
73 2598 88 2621 ¹
119 2597 266 2632 effudit.
403 2599 422 2623 2
447 2600 551 2645 ripis.
691 2600 710 2629 3
737 2600 779 2634 in
803 2607 916 2644 tates,
943 2611 1039 2634 earn.
1183 2599 1429 2634 4Abisatem.

161 2652 179 2679 5
207 2651 364 2684 Porus
401 2652 555 2686 obiecit.
