1703 2961
169 724 223 766 25

226 145 306 191 176
559 166 561 169 -
671 135 728 192 Q.
760 134 966 177 CURTH
995 129 1137 174 RUFI
1670 143 1674 170 ε

226 260 282 302 lia
328 264 371 298 et
406 266 479 302 DC,
517 248 770 308 peregrinus
806 246 943 296 miles,
984 243 1272 285 advenerant:
1297 237 1379 281 'ccc
1420 234 1586 296 equi-tes
1673 267 1677 284 ,

227 330 365 390 gentis
398 326 594 369 eiusdem
624 320 932 378 sequebantur.
978 316 1073 356 Hae
1097 327 1234 354 manu
1259 312 1429 353 adiecta
1448 312 1589 352 Dran-
1603 319 1651 352 36
1673 306 1678 358 ξ

228 419 302 462 gas
344 395 633 456 [pervenit.]¹
701 390 913 434 Bellicosa
948 387 1069 428 natio
1111 393 1186 427 est.
1254 384 1460 439 Satrapes
1496 388 1590 422 erat
1674 367 1679 435 ᾗ

228 477 505 518 Bal-mentes»,
546 465 717 509 sceleris
754 463 798 504 in
831 476 978 518 regem
1016 473 1143 500 suum
1186 456 1406 515 particeps
1441 455 1590 495 Besso.
1676 447 1679 453 ’

229 552 273 590 Is
298 543 625 602 suppliciorum,
656 551 770 595 quae
802 539 1040 581 meruerat,
1071 537 1195 573 metu
1225 526 1421 586 profugit
1445 525 1490 567 in
1520 526 1592 565 In-
1637 536 1649 558 ·:
1676 510 1680 551 l

231 621 364 662 diam.

317 721 412 761 Iam
445 729 616 757 nonum
659 711 779 753 diem
815 708 967 752 stativa
1009 711 1151 755 erant,
1193 718 1297 745 cum
1338 676 1689 756 externari'vihl

234 809 326 836 non
354 791 507 832 tutus²
537 784 674 828 modo
705 799 791 833 rex,
823 781 898 823 sed
931 779 1126 828 invictus,
1165 774 1371 817 intestino
1401 770 1596 813 facinore

233 864 482 924 petebatur.
535 856 771 905 Dimnus,3
806 853 1009 895 modicae
1042 848 1159 907 apud
1185 862 1333 905 regem
1364 841 1597 886 auctorita·
1631 855 1652 880 2
1682 832 1683 836 ¹

236 939 290 980 tis
325 943 368 977 et
409 932 593 991 gratiae,
631 927 814 975 exoleti,
851 925 920 969 cui
957 919 1236 966 Nicomacho
1277 924 1372 960 erat
1419 900 1619 961 nomen,-

238 1023 391 1053 amore
420 1004 644 1061 flagrabat,
677 999 886 1056 obsequio
919 996 995 1038 uni
1025 994 1104 1036 sibi
1135 990 1268 1035 dediti
1290 986 1486 1043 corporis
1513 985 1602 1028 vin-

238 1082 388 1133 ctus&
452 1079 507 1124 Is,
535 1074 654 1132 quod
687 1089 735 1114 ex
765 1071 888 1112 vultu
918 1082 1092 1126 quoque
1123 1061 1310 1122 perspici
1338 1066 1525 1118 poterat,
1555 1057 1604 1098 si-
1634 1071 1654 1099 3
1682 1064 1687 1100 !

239 1154 354 1198 milis
395 1148 599 1195 attonito,
638 1144 820 1186 remotis
862 1140 1035 1183 arbitris
1076 1153 1177 1180 cum
1227 1136 1382 1176 iuvene
1428 1129 1603 1172 secessit

241 1228 288 1270 in
326 1222 568 1280 templum,
607 1216 764 1259 arcana
804 1231 847 1256 se
889 1221 932 1254 et
967 1211 1131 1254 silenda
1175 1207 1333 1249 afferre
1370 1193 1617 1261 praefatus,⁴

242 1306 591 1356 suspensumque
622 1287 926 1345 expectatione
966 1298 1044 1339 per
1071 1289 1272 1323 mutuam
1300 1276 1529 1319 caritatem
1564 1280 1606 1314 et
1635 1289 1660 1314 4
1684 1279 1686 1283 ’

243 1358 428 1431 pignora
458 1364 682 1420 utriusque
709 1358 844 1401 animi
867 1364 1004 1412 rogat,
1027 1361 1076 1395 ut
1106 1351 1296 1394 affirmet
1315 1344 1608 1394 iureiurando,

247 1459 358 1504 quae
391 1436 694 1492 commisisset,
732 1429 902 1474 silentio
942 1443 1031 1469 esse
1061 1433 1299 1468 tecturum.
1357 1420 1417 1461 Et
1449 1418 1515 1460 ille
1546 1432 1612 1457 ra-
1644 1418 1689 1460 ε’

246 1526 332 1563 tus,
369 1512 488 1561 nihil,
529 1507 650 1566 quod
687 1505 821 1546 etiam
858 1516 961 1543 cum
998 1487 1198 1556 periurio
1223 1491 1519 1550 detegendum
1549 1489 1614 1530 fo-

247 1596 339 1638 ret,
382 1584 702 1629 indicaturum,
740 1590 818 1632 per
858 1579 1110 1630 praesentes
1153 1569 1258 1611 deos
1297 1567 1425 1607 iurat.
1496 1563 1612 1604 Tum
1643 1571 1667 1601 6

250 1663 441 1704 Dimnus
471 1653 622 1712 aperit,
656 1651 700 1692 in
738 1647 919 1690 tertium
953 1645 1070 1685 diem
1111 1641 1200 1698 regi
1231 1638 1406 1681 insidias
1437 1651 1615 1692 compa-

251 1741 379 1781 ratas,
398 1732 412 1758 ⁵
461 1741 592 1782 seque
633 1723 724 1764 eius
766 1718 932 1763 consilii
963 1716 1150 1757 fortibus
1177 1713 1277 1754 viris
1298 1717 1348 1762 ,et
1379 1707 1614 1751 illustribus

253 1820 343 1849 esse
372 1799 646 1860 participem.
685 1792 856 1847 Quibus
888 1789 1052 1830 iuvenis
1077 1784 1245 1832 auditis,
1277 1797 1320 1823 se
1353 1795 1454 1822 vero
1482 1778 1616 1820 fidem
1650 1762 1693 1822 7:

253 1879 299 1920 in
329 1871 564 1933 parricidio
605 1866 772 1909 dedisse
813 1867 1068 1906 constanter
1098 1855 1262 1905 abnuit,
1290 1869 1372 1896 nec
1404 1852 1489 1893 ulla
1521 1847 1617 1892 reli·
1647 1867 1665 1894 e
1690 1855 1694 1904 ξ

255 1951 396 2008 gione,
437 1951 488 1986 ut
525 1940 662 1983 scelus
696 1944 827 1994 tegat,
866 1949 992 1992 posse
1029 1927 1283 1983 constringi.
1339 1925 1541 1972 Dimnus,
1576 1912 1620 1964 e‘t
1690 1909 1694 1922 ¹

257 2035 411 2065 amore
441 2024 485 2059 et
518 2019 641 2056 metu
672 2024 835 2058 amens,
876 2003 1136 2049 dexteram⁶
1170 1997 1325 2042 exoleti
1354 1996 1619 2053 complexus,

259 2103 304 2140 et
331 2090 578 2135 lacrimans,
607 2098 731 2126 orare
759 2081 966 2136 primum,
994 2086 1043 2119 ut
1071 2074 1290 2133 particeps
1319 2067 1487 2114 consilii
1519 2082 1621 2123 ope-

258 2168 405 2223 risque
443 2160 586 2202 fieret:
628 2157 666 2207 ‘si
705 2155 750 2197 id
778 2154 991 2196 sustinere
1021 2165 1114 2191 non
1145 2151 1307 2204 posset,
1337 2149 1535 2184 attamen
1565 2134 1695 2194 ne³9¹

259 2238 472 2298 proderet
510 2248 577 2282 se,
619 2231 741 2272 cuius
783 2241 882 2284 erga
921 2224 1066 2281 ipsum
1095 2215 1415 2262 benivolentiae
1446 2218 1624 2269 praeter

264 2311 344 2354 alia
372 2308 461 2349 hoc
494 2318 670 2362 quoque
692 2300 878 2342 haberet
905 2294 1193 2338 fortissimum
1214 2289 1382 2346 pignus,
1412 2284 1533 2343 quod
1559 2297 1626 2324 ca-

262 2389 344 2442 put
383 2393 512 2422 suum
542 2373 809 2433 permisisset
849 2369 950 2412 fidei
979 2367 1124 2410 adhuc
1154 2364 1417 2418 inexpertae.
1465 2355 1536 2398 Ad
1566 2354 1626 2395 ul-
1641 2373 1698 2410 10?

1466 2428 1628 2469 timum
1696 2425 1697 2431 ’

267 2554 289 2580 1
314 2554 408 2589 Sine
432 2547 628 2591 cancellis,
654 2556 780 2581 vocem
803 2544 844 2577 in
870 2539 980 2575 codd.
1007 2550 1085 2573 non
1111 2534 1278 2571 inveniri
1303 2527 1577 2566 indicantibus.

359 2607 382 2632 2
406 2604 615 2649 interritus.
761 2598 781 2628 3
811 2597 1001 2640 Dymnus,
1022 2601 1062 2627 ec
1084 2593 1142 2626 sic
1165 2599 1304 2637 porro.
1448 2584 1471 2616 4
1492 2581 1628 2617 victus.

357 2661 378 2691 5
404 2658 563 2695 insidias
589 2653 669 2702 regi
695 2657 949 2699 comparatas.
1153 2644 1174 2670 ⁶
1199 2643 1383 2677 dextram.
