1703 2961
266 147 349 186 222
729 142 786 200 Q.
820 142 1025 188 cumn
1054 145 1194 190 num

266 257 468 300 nondum
498 255 790 304 exoleverant,
831 256 905 298 sed
944 257 1031 298 iam
1066 256 1278 314 bilingues
1318 266 1454 310 erant,
1480 260 1628 318 paula-
1696 256 1703 321 ξ

266 331 348 372 tim
387 344 411 370 a
447 328 691 370 domestico
732 333 945 370 externo¹
991 344 1195 371 sermone
1233 331 1479 388 degeneres.
1533 331 1628 374 Ma·
1651 312 1703 390 ‘l

267 417 352 459 gno
384 401 514 457 igitur
550 400 707 457 gaudio
745 414 893 456 regern
933 400 1176 457 excipiunt,
1208 403 1366 444 urbem
1395 419 1526 460 seque
1557 404 1627 445 de·
1675 388 1703 460 Ἰι

268 475 433 516 dentes.
495 472 569 513 Ille
595 471 798 522 Milesios,
827 472 900 529 qui
929 473 1045 528 apud
1073 473 1214 527 ipsum
1238 475 1491 526 militarent,
1523 491 1629 518 con-

265 546 413 591 vocari
453 543 587 586 iubet.
631 544 771 585 Vetus
809 543 963 584 odium
992 542 1147 586 Milesii
1177 547 1390 603 gerebant
1417 547 1462 588 in
1493 548 1629 588 Bran·
1646 560 1692 592 30

258 593 498 660 ‹thidarum
538 622 730 672 gentem.
793 615 982 657 Proditis
1022 631 1147 674 ergo,
1185 618 1271 660 sive
1305 619 1508 669 iniuriae,
1539 620 1627 660 sive
1701 654 1703 670 ,

265 689 443 747 originis
496 687 745 728 meminisse
792 687 996 738 mallent,
1044 688 1232 731 liberum
1280 691 1334 732 de
1369 690 1626 732 Branchidis

264 760 482 818 permittit
510 759 754 800 arbitrium.
822 759 1106 802 Variantibus
1133 762 1291 804 deinde
1319 762 1552 812 sententiis,
1583 777 1626 803 se
1641 778 1684 806 31

265 834 410 891 ipsum
457 832 841 873 consideraturum
893 832 1013 888 quod
1063 834 1283 890 optimum
1330 834 1452 875 factu
1501 841 1626 881 esset,

263 905 469 948 ostendit.
532 903 714 944 Postero
754 902 823 944 die
858 905 1218 956 occurrentibus,
1257 905 1532 947 Branchidas
1560 920 1626 946 se-

263 985 367 1021 cum
405 976 647 1034 procedere
684 975 818 1017 iubet.
887 974 1092 1033 Cumque
1134 977 1189 1018 ad
1236 978 1395 1018 urbem
1442 984 1625 1019 ventum

263 1058 386 1101 esset,
428 1050 518 1106 ipse
557 1063 659 1089 cum
696 1047 893 1104 expedita
932 1064 1068 1090 manu
1104 1057 1280 1106 portam
1312 1050 1458 1092 intrat.
1515 1050 1684 1094 Pha-32

261 1125 361 1165 lanx
386 1121 561 1163 moenia
594 1119 744 1177 oppidi
776 1120 1009 1162 circumire
1041 1121 1163 1172 iussa,
1205 1130 1248 1163 et
1276 1123 1380 1163 dato
1413 1121 1533 1178 signo
1565 1121 1626 1163 di-

259 1198 406 1255 -rip‘ere
437 1194 605 1241 urbem,
642 1192 925 1249 proditorum
959 1194 1301 1249 receptaculum,
1343 1195 1544 1251 ipsosque
1569 1193 1625 1235 ad

263 1285 402 1311 unum
429 1267 627 1309 caedere.
697 1265 760 1306 llli
804 1265 993 1305 inermes
1023 1267 1184 1320 passim
1217 1267 1523 1315 trucidantur,
1545 1280 1688 1310 nec33

263 1350 338 1384 aut
380 1336 653 1382 commercio
700 1336 894 1392 linguae,
943 1345 1020 1377 aut
1073 1337 1324 1393 supplicum
1370 1338 1626 1377 velamentis

259 1414 554 1472 precibusque
590 1408 780 1449 inhiberi
821 1409 1053 1450 crudelitas
1092 1416 1249 1465 potest.
1316 1409 1540 1458 Tandem,
1577 1416 1627 1450 ut

261 1487 518 1532 deiicerent,
557 1481 846 1522 fundamenta
885 1495 1118 1522 murorum
1158 1481 1211 1522 ab
1237 1481 1329 1522 imo
1367 1480 1625 1529 moliuntur,

259 1575 315 1600 ne
346 1556 466 1614 quod
496 1554 615 1595 urbis
646 1552 873 1608 vestigium
904 1560 1082 1596 extaret.
1144 1555 1341 1596 Nemora
1374 1569 1551 1611 quoque
1581 1561 1625 1595 et
1641 1570 1687 1598 34

257 1632 381 1672 lucos
410 1628 590 1669 saeros2
619 1641 710 1666 non
730 1626 920 1666 caedunt
950 1625 1099 1677 modo,
1130 1626 1204 1667 sed
1236 1626 1369 1668 etiam
1397 1627 1623 1681 extirpant,

259 1711 309 1745 ut
339 1709 456 1742 vasta
490 1698 677 1740 solitudo
709 1705 753 1738 et
779 1698 934 1738 sterilis
974 1697 1147 1747 humus,
1182 1699 1369 1740 excussis
1396 1698 1528 1738 etiam
1559 1713 1624 1738 ra-

260 1776 440 1823 dicibus,
467 1773 748 1828 linqueretur.
793 1770 919 1825 Quae
961 1770 994 1811 si
1041 1771 1086 1811 in
1115 1771 1229 1826 ipsos
1260 1770 1527 1826 proditionis
1552 1785 1684 1816 ειη-35

256 1856 403 1891 ctores
442 1843 682 1899 excogitata
724 1850 878 1891 essent,
918 1843 1027 1883 iusta
1060 1843 1168 1883 ultio
1202 1857 1304 1892 esse,
1347 1857 1439 1882 non
1472 1842 1624 1883 crude-

1696 1175 1703 1269 l

1696 1280 1703 1318 l

1696 1320 1700 1357 l

1695 1397 1700 1427 l

1695 1534 1703 1620 ἓ

1695 1634 1700 1681 l

1695 1686 1699 1712 l

1693 1718 1703 1846 ἒ

255 1920 352 1962 litas
387 1917 628 1958 videretur:
664 1931 782 1956 nunc
827 1914 1002 1970 culpam
1037 1915 1259 1956 maiorum
1298 1914 1462 1971 posteri
1493 1914 1622 1965 luere,
1694 1854 1703 1979 :l

257 1993 330 2050 qui
362 2006 417 2031 ne
450 1988 649 2029 viderant
676 1987 856 2044 quidem
885 1987 1101 2038 Miletum,
1134 1987 1232 2029 ideo
1265 1995 1308 2030 et
1340 1987 1498 2028 Xerxi³
1531 2002 1623 2028 non
1693 1983 1698 2048 ᾗ

253 2068 493 2121 potuerant
521 2061 724 2118 prodere.

190 2137 259 2181 24·
341 2135 447 2177 lnde
476 2133 690 2191 processit
721 2132 775 2174 ad
796 2132 984 2174 Tanaim
1016 2148 1207 2174 amnem.
1248 2132 1354 2187 Quo
1382 2130 1617 2186 perductus
1634 2121 1697 2185 36}

257 2218 322 2252 est
362 2211 517 2250 Bessus
558 2222 650 2247 non
688 2205 859 2246 vinctus
898 2205 1060 2254 modo,
1088 2205 1162 2246 sed
1194 2205 1328 2245 etiarn
1361 2203 1482 2244 omni
1511 2203 1621 2244 vela-

256 2288 411 2324 mento
452 2277 649 2335 eorporis
685 2277 908 2333 spoliatus,
987 2277 1264 2333 Spitamenes
1309 2292 1408 2316 eum
1444 2276 1623 2316 tenebat

259 2354 372 2397 collo
411 2353 573 2393 inserta
617 2359 784 2400 catena,
822 2357 915 2390 tam
952 2348 1160 2398 barbaris,
1201 2364 1338 2404 quam
1368 2347 1620 2389 Macedoni-

257 2427 340 2468 bus
390 2431 564 2482 gratum
610 2421 921 2480 spectaculum.
987 2422 1103 2462 Tum
1141 2421 1434 2478 Spitamenes,
1474 2423 1534 2462 Ec
1564 2415 1696 2468 ce,37¹

257 2555 275 2578 1
306 2561 555 2597 externoque..
757 2549 778 2574 2
800 2550 860 2583 De
886 2552 1122 2583 coniectura.
1151 2547 1262 2582 Libri
1295 2560 1378 2581 mss.
1416 2560 1487 2583 nee
1517 2561 1624 2583 mora

293 2619 295 2622 ·
351 2617 506 2654 quoque
528 2606 636 2638 lucos
653 2615 795 2648 sacros,
821 2603 919 2638 edici
932 2615 1003 2638 nec
1022 2613 1148 2637 mora:
1175 2603 1287 2636 lucos
1311 2615 1465 2649 quoque
1483 2615 1621 2645 sacros.

348 2662 368 2692 3
396 2661 494 2694 adeo
515 2659 646 2694 Xerxi.
