1703 2961
493 133 531 178 P
546 132 589 178 R
603 133 645 180 A
658 134 698 177 E
711 133 799 178 FA
813 131 857 177 T
872 132 888 174 l
907 131 968 174 O.
1322 145 1426 177 xvn

54 254 254 303 firmato
303 254 544 308 consilio,
580 267 696 298 cum
727 251 789 296 de
835 251 1190 311 Bongarsianis
1237 247 1425 293 codici-

55 321 150 366 bus
187 321 400 365 maxima
433 317 678 363 dubitatio
716 329 825 362 orta
858 327 1004 370 esset,
1037 330 1323 374 parumque
1360 313 1422 358 de

51 386 332 431 Heinsiana
375 394 497 428 nota
535 380 606 430 Ft.
653 393 930 437 constaret,
996 395 1128 424 nova
1185 382 1253 423 rei
1294 379 1422 424 bene

52 450 304 512 gerendae
339 447 594 509 praesidia
631 445 979 506 conquirenda
1016 445 1137 489 mihi
1181 460 1290 489 esse
1327 457 1423 489 sta-

52 518 149 572 tui3
187 527 236 560 et
265 515 508 573 imprimis
544 512 606 558 de
639 513 946 558 florentinis
987 509 1248 555 codicibus
1287 512 1421 571 cogi-

52 593 158 626 tare
206 579 375 640 coepi,
415 594 545 639 quos
591 589 711 623 octo
753 593 859 623 esse
894 591 1109 622 numero
1143 575 1420 619 Bandinius

51 649 103 691 in
139 644 370 705 catalogo
409 643 557 689 codd.
586 644 716 689 Latt.
739 643 889 688 Tom.
927 643 985 687 ll.
1022 657 1137 702 pag.
1178 640 1270 687 702
1307 655 1418 700 sqq.

49 709 224 767 docet,
298 719 348 754 et
400 723 563 754 unum
617 707 825 768 quidem
884 709 1092 766 insignis
1149 708 1421 761 vetustatis,

49 790 204 836 quem
249 772 471 819 eundem
501 784 638 819 vesse
692 786 843 833 atque
891 767 1224 818 Ileinsianum
1277 771 1422 815 illum

47 842 148 885 iam
184 851 292 884 tum
328 838 639 900 suspicabar.
709 839 825 884 Voti
864 850 1160 898 compotem
1196 851 1277 880 me
1315 835 1421 880 red-

45 905 173 950 didit
219 905 482 966 singularis
525 904 811 949 humanitas
862 905 984 948 Ben.
1032 901 1423 958 friedlaenderi,

47 972 167 1015 civis
210 972 322 1026 mei,
380 970 800 1015 honestissimum
842 970 1003 1012 otium
1041 968 1422 1011 honestissima-

44 1050 158 1080 rum
187 1037 370 1079 artium
406 1036 706 1078 tractatione
742 1035 964 1090 terentis,
997 1035 1082 1093 qui
1114 1034 1421 1092 simulatque

42 1115 138 1161 per
178 1100 452 1145 familiares
496 1114 756 1144 sermones
801 1114 932 1160 quae
977 1113 1222 1158 cuperem
1274 1098 1422 1142 intel-

41 1166 178 1221 lexit,
225 1165 393 1210 statim
437 1163 500 1209 ad
537 1180 650 1209 eam
691 1180 799 1209 rem
836 1179 1049 1225 operam
1084 1179 1226 1208 suam
1260 1164 1421 1223 proli<

41 1232 247 1275 xissime
283 1230 476 1286 detulit,
513 1230 738 1290 mihique
774 1245 872 1290 per
899 1231 1175 1275 Sestinium
1209 1229 1419 1274 Floren-

42 1298 220 1352 tinum,
253 1297 473 1340 amicum
510 1311 673 1352 suum,
710 1295 901 1341 aditum
935 1297 1133 1356 paravit
1170 1293 1230 1339 ad
1266 1295 1418 1338 Fran-

45 1363 239 1406 eiscum
300 1360 362 1406 de
431 1362 605 1417 Furia,
677 1359 1025 1406 doctissimum
1071 1359 1418 1404 bibliothecae

41 1426 416 1471 Laurentianae
470 1425 805 1487 praefectum.
881 1427 990 1471 Nec
1030 1441 1149 1486 spes
1189 1440 1284 1468 nos
1329 1424 1417 1469 sel-

43 1491 115 1536 lit.
183 1490 342 1536 Dedit
386 1490 489 1535 hoc
540 1492 625 1535 ille
674 1490 918 1552 precibus
961 1493 1146 1535 nostris
1193 1505 1417 1550 suaeque

40 1556 292 1600 voluntati
341 1555 404 1600 de
440 1555 618 1601 litteris
654 1555 789 1600 bene
823 1555 1066 1611 merendi,
1110 1566 1165 1599 ut
1198 1571 1304 1599 non
1340 1571 1417 1600 so-

39 1620 146 1664 lum
183 1631 301 1664 octo
333 1620 451 1664 illos
497 1619 715 1676 codiceS,
773 1621 860 1665 sed
904 1622 1052 1665 etiam
1094 1636 1292 1664 nonum
1331 1622 1419 1666 ali-

41 1699 209 1745 quem,
253 1699 425 1744 nuper
454 1683 660 1729 demum
696 1699 723 1729 e
771 1698 1027 1730 conventu
1069 1698 1276 1745 patrum
1310 1687 1417 1730 Do-

38 1751 440 1806 minicanorum,
473 1750 625 1812 vulgo
678 1762 882 1795 sanctae
927 1752 1123 1796 Mariae
1169 1752 1416 1796 Novellae

38 1814 192 1871 dicto,
227 1816 282 1860 in
303 1816 699 1861 Laurentianam
734 1816 1048 1873 translatum,
1082 1831 1198 1861 cum
1217 1817 1415 1862 Freins-

37 1880 275 1926 hemiana
323 1879 548 1925 editione
600 1879 942 1927 conferendos
999 1893 1221 1939 curaret,
1277 1894 1416 1928 tanta

38 1955 244 2005 tamque
273 1944 530 1991 laboriosa
568 1949 717 1991 etiam
747 1949 800 1992 in
842 1947 1064 1992 minimis
1110 1946 1262 1993 rebus
1304 1948 1415 1993 dili-

37 2014 221 2073 gentia,
260 2013 342 2057 vix
377 2022 434 2056 ut
475 2011 614 2072 quod
653 2011 768 2058 addi
810 2025 990 2074 posset
1034 2028 1304 2074 superesse
1346 2015 1415 2059 vi-

37 2076 253 2122 deretur.
320 2077 554 2123 Intellexi
600 2087 722 2135 tum,
768 2078 910 2140 quod
951 2080 1238 2141 suspicatus
1277 2094 1415 2125 eram

37 2153 208 2198 antea,
273 2140 427 2204 longe
499 2144 746 2188 maiorem
818 2143 1057 2189 codicum
1137 2147 1416 2190 manuscri-

35 2218 262 2268 ptorum,
326 2209 413 2268 qui
458 2207 614 2253 hodie
654 2221 896 2266 extarent,
974 2221 1176 2270 partem
1219 2226 1281 2256 ex
1340 2213 1413 2255 in-

34 2272 382 2333 terpolatione
414 2273 515 2329 illa,
546 2273 610 2319 de
644 2289 744 2334 qua
778 2276 832 2320 in
873 2275 1137 2337 principio
1169 2275 1286 2332 dixi,
1322 2275 1415 2321 ssu-

34 2338 182 2393 xisse,
224 2337 314 2383 sed
349 2353 619 2399 superesse
655 2341 806 2384 etiam
840 2340 1038 2401 aliquos
1083 2343 1412 2402 antiquiores,

38 2416 259 2462 quorum
315 2405 504 2449 auxilio
557 2421 666 2450 non
719 2406 913 2468 integra
972 2406 1179 2467 quidem
1231 2422 1411 2453 manus

38 2470 260 2514 auctoris
294 2471 508 2528 restitui,
545 2470 632 2516 sed
669 2473 831 2516 oratio
867 2483 1038 2518 tamen
1073 2488 1101 2517 a
1137 2472 1415 2518 levioribus

36 2533 142 2577 istis
181 2543 229 2578 et
267 2549 363 2596 per
402 2546 566 2580 totum
612 2551 744 2597 opus
789 2539 1074 2600 pervagatis
1116 2538 1415 2583 vulneribus

36 2596 241 2643 liberari
274 2612 468 2661 posset.
525 2602 658 2647 Nam
691 2616 718 2646 e
750 2617 936 2649 novem
970 2604 1278 2650 Florentinis
1309 2604 1417 2650 duo.

1095 2694 1144 2716 aus
