1703 2961
353 175 435 219 DE
478 179 685 228 GESTIS
719 186 889 234 ALEX.
919 194 972 245 V,
1013 197 1078 243 19.
1389 211 1463 254 131

13 282 15 325 ἔ
42 284 179 334 nsit,
208 294 357 330 vestro
387 293 537 334 credat
567 311 658 336 esse
689 301 918 346 meliorem.
985 307 1050 349 Illi
1080 310 1247 356 obortis
1276 317 1464 365 lacrimis

104 362 267 397 terram
308 359 604 417 intuebantur,
644 384 725 412 nec
757 381 832 415 aut
864 377 1026 434 erigere
1057 383 1211 437 vultus,

1239 397 1314 430 aut
1340 392 1459 451 loqui

100 427 340 471 audebant:
394 435 573 478 tandem
626 455 724 498 rege
782 446 978 491 tristitiae
1026 468 1201 498 causam
1250 461 1455 518 exigente,

96 495 347 544 Euctemon
371 504 524 548 similia
557 509 614 560 iis,
648 529 758 569 quae
790 517 834 559 in
867 523 1046 566 consilio
1073 526 1249 581 dixerat,
1278 547 1455 590 respon-

13 574 82 623 {²⁴
95 568 168 611 dit.
223 573 368 631 Atque
399 576 466 618 itte
496 596 586 622 non
614 584 818 630 fortunae
848 593 989 636 solum
1016 612 1182 650 eorum,
1213 603 1287 644 sed
1321 607 1451 649 etiarn

13 646 15 650 '
92 644 389 697 poenitentiae
430 651 645 705 misertus,

682 666 803 702 terna
842 664 962 707 milia
1008 668 1237 715 denarium
1279 676 1452 734 singulis

92 712 185 755 dari
230 715 371 760 iussit:

415 722 553 766 denae
597 737 733 772 vestes
787 734 983 779 adiectae
1020 750 1140 786 sunt:
1177 752 1220 786 et
1251 760 1448 794 armenta

89 799 192 826 eum
218 791 453 843 pecoribus
493 811 543 839 ac
583 798 808 846 frumento
843 806 957 860 data,

998 819 1046 854 ut
1075 815 1157 857 coli
1188 819 1357 878 serique
1389 831 1450 866 at-

87 856 276 901 tributus
310 861 359 904 iis
397 880 499 923 ager
529 879 686 926 posset.

12 939 74 1002 ζνι.

81 1027 171 1071 lam
218 1032 491 1081 infestiorem
530 1044 687 1087 urbem
739 1047 920 1094 Graecis
964 1071 1064 1108 esse,
1107 1077 1240 1117 quam
1279 1067 1444 1122 regiam

12 1125 14 1140 ‚
81 1109 280 1146 veterum
317 1107 503 1153 Persidis
543 1129 710 1172 regum.
778 1120 894 1165 Hinc
923 1125 993 1168 illa
1025 1130 1237 1176 immensa
1270 1139 1440 1194 agmina

80 1172 241 1217 infusa:
275 1177 379 1222 hinc
418 1182 616 1229 Dareum
656 1190 786 1246 prius,
828 1195 964 1238 dein¹

1006 1202 1192 1247 Xerxem
1231 1207 1439 1268 Europae

81 1244 267 1303 impium
299 1251 489 1297 intulisse
516 1258 692 1302 bellum.
758 1263 941 1311 Excidio
973 1271 1083 1316 illius
1110 1283 1436 1333 parentandum

28 1332 49 1354 2
82 1316 170 1360 esse
201 1321 451 1368 maioribus.
508 1331 690 1389 Iamque
720 1335 908 1391 barbari,
938 1344 1110 1388 deserto
1140 1352 1321 1407 oppido,
1351 1371 1434 1412 qua

0 1408 14 1446 ’.Ι
75 1403 294 1448 quemque
326 1405 469 1440 metus
502 1403 668 1458 agebat,
700 1407 983 1467 diffugerant;
1022 1434 1124 1461 cum
1156 1437 1230 1464 rex
1257 1425 1436 1481 phalan-

0 1474 15 1510 ις
72 1475 173 1516 gem
201 1465 336 1506 nihil²
377 1479 607 1517 cunctatus
643 1477 826 1524 inducit.
886 1485 1048 1531 Multas
1079 1493 1222 1545 urbes,
1253 1498 1434 1543 refertas

0 1525 9 1575 ’ς
72 1534 293 1588 opulentia
322 1540 452 1597 regia,
481 1546 643 1601 partim
672 1566 1002 1611 expugnaverat,
1031 1565 1195 1618 partim
1223 1567 1268 1610 in
1298 1569 1432 1615 fidem

12 1553 15 1657 i
74 1617 317 1663 acceperat,
361 1614 436 1655 sed
471 1619 589 1660 urbis
625 1620 753 1665 huius
791 1627 965 1672 divitiae
1006 1634 1122 1676 vicer

0 1663 44 1723 lla
73 1677 124 1718 In
157 1677 272 1722 hanc
312 1684 447 1727 totius

12 1728 16 1764 ἕ

12 1787 15 1816 Ι

12 1832 15 1851 Ι

0 1617 5 1626 ι

0 1631 5 1641 ι

1125 1652 1146 1677 e
1182 1644 1430 1695 praeterita.

490 1688 677 1734 Persidis
735 1711 840 1753 opes
883 1716 1191 1758 congesserant
1233 1712 1430 1759 barbari:

0 1775 1 1779 =
1060 1808 1070 1827 ,
1106 1783 1234 1825 vestis
1278 1786 1427 1832 inoens

69 1822 248 1875 modus,
290 1829 479 1885 supellex
520 1849 611 1876 non
651 1839 706 1880 ad
749 1847 922 1895 usum‚3
966 1849 1041 1889 sed
1076 1852 1131 1893 ad
1174 1861 1424 1903 ostentatio-

19 1906 37 1934 4
65 1908 167 1936 nem
210 1897 332 1942 luxus
381 1915 652 1960 comparata.
736 1914 888 1972 ltaque
933 1918 1048 1961 inter
1081 1924 1196 1980 ipsos
1234 1928 1421 1975 victores

66 1965 184 2010 ferro
225 1970 538 2018 dimicabatur:
571 1996 654 2036 pro
688 1982 814 2027 hoste
850 1996 955 2037 erat,
993 1993 1066 2048 qui
1111 1998 1420 2051 pretiosiorem

68 2051 360 2098 occupaverat
394 2050 627 2103 praedam:
671 2062 714 2096 et
752 2073 855 2099 cum
890 2063 1059 2115 omnia,
1100 2084 1211 2125 quae
1242 2074 1420 2132 recipie-

65 2108 220 2164 bant‚4
250 2131 406 2172 capere
437 2136 528 2163 non
565 2136 754 2180 possent,
798 2130 884 2172 iam
925 2149 993 2176 res
1022 2153 1080 2179 no

19 2195 37 2223 s
67 2188 152 2232 tur,
180 2187 253 2228 sed
284 2190 641 2239 aestimabantur.

0 1929 3 1937 ν

1085 2155 1113 2180 n
1144 2147 1418 2201 occupaban-

713 2202 989 2248 Lacerabant
1021 2211 1156 2267 regias
1181 2224 1332 2267 vestes,
1361 2221 1416 2262 ad

14 2256 17 2317 1
65 2268 110 2295 se
137 2257 350 2315 quisque⁵
383 2272 554 2318 partem
586 2271 828 2316 trahentes:
870 2277 1057 2323 dolabris
1093 2287 1310 2340 pretiosae
1351 2308 1417 2334 ar-

14 2329 17 2380 g
65 2323 120 2366 tis
145 2341 242 2369 vasa
275 2334 535 2379 caedebant:
565 2342 670 2384 nihil
699 2361 841 2404 neque
861 2347 1075 2395 intactum
1101 2365 1204 2409 erat,
1234 2367 1413 2419 neque⁶

183 2413 280 2442 rum
317 2404 560 2462 ferebatur3
599 2415 784 2473 abrupta
824 2421 1159 2469 simulacrorum
1197 2435 1414 2487 membra,

178 2470 325 2530 uisque
353 2480 567 2534 avellemt,
599 2488 813 2532 trahebat.
875 2493 1030 2553 Neque
1055 2501 1232 2545 avaritia
1257 2507 1412 2558 solum,

16 2567 17 2574 κ
64 2567 323 2587 ——Q

15 2405 17 2427 ε
64 2394 180 2454 integ

15 2471 38 2506 ²5
70 2474 117 2508 ut
147 2485 173 2526 q

63 2617 84 2641 1
118 2619 268 2657 deinde.
510 2635 531 2661 2
565 2638 634 2673 nil.
875 2646 894 2676 3
928 2661 1008 2684 non
1042 2651 1091 2686 ad
1116 2665 1227 2689 usum
1251 2659 1408 2694 modo.

148 2676 170 2706 4
195 2680 492 2723 reperiebantur.

688 2697 710 2724 5
734 2697 858 2732 codd.
888 2714 1091 2751 quemque.
1275 2713 1297 2737 6
1324 2725 1407 2749 nec.

1078 2770 1095 2810 I
1119 2772 1144 2810 2
