1703 2961
174 800 227 842 53

243 114 297 155 96
690 107 746 163 Q.
780 106 984 152 CURTII
1011 109 1151 152 RUF1

242 239 381 283 paene
412 238 457 265 se
484 220 670 277 praedae
702 222 950 263 communis
977 230 1213 273 exsortem,
1254 224 1299 265 in
1336 223 1414 266 illis
1456 224 1598 267 colen-

244 297 307 337 dis
340 291 631 350 ornandisque
669 307 878 349 usurpare
905 291 1113 335 victoriae
1140 295 1344 349 praemia.
1401 297 1520 339 Hace
1553 311 1596 337 se
1629 314 1645 340 ⁷

240 368 427 410 fortibus
462 366 560 407 viris
598 365 754 406 (licere.
819 365 863 406 Si
905 365 978 422 qui
1012 362 1232 408 dissimiles
1261 353 1415 408 corum
1445 375 1597 416 essent,

241 438 308 481 illa
340 435 466 480 fuisse
506 436 747 479 dicturum:
785 438 1027 492 pervenisse
1069 453 1136 485 eo,
1175 436 1291 480 unde
1328 438 1476 495 fugere
1506 455 1597 480 non

238 518 426 567 possent.
498 509 587 550 Tot
625 515 843 549 terrarum
883 510 1019 565 spatia
1060 510 1265 560 emensis,
1301 517 1370 551 tot
1396 508 1597 551 amnibus

238 583 550 638 montibusque
585 587 685 634 post
720 588 891 637 tergum
932 582 1124 631 obiectis,
1157 583 1239 625 iter
1263 582 1306 624 in
1335 581 1523 636 patriam
1555 586 1599 622 et

236 662 415 711 penates
449 667 584 694 manu
620 665 708 693 esse
748 646 1014 695 faciendum.
1105 654 1176 697 Sic
1221 655 1369 702 duces,
1408 653 1468 695 sic
1498 668 1598 709 pro·
1629 672 1646 700 g
1678 644 1679 648 Ἰ

236 725 337 769 ximi
365 725 553 767 militum
579 723 772 766 instincti
796 731 908 766 sunt.

321 799 492 839 Dareus
532 795 576 837 in
605 796 725 837 laevo
758 812 897 838 cornu
928 801 1032 847 erat,
1063 812 1222 855 magno
1253 812 1435 840 suorum
1463 792 1595 855 agmi-

237 888 307 920 ne,
339 869 517 911 delectis
543 868 739 925 equitum
777 868 1060 926 peditumque
1091 871 1290 925 stipatus:
1323 878 1595 928 contempse-

236 952 391 1001 ratque
429 940 696 999 paucitatem
729 940 878 991 hostis,
917 954 1076 982 vanam
1115 942 1256 983 aciem
1286 958 1388 993 esse,
1415 940 1597 985 extentis

238 1015 458 1063 cornibus,
490 1021 621 1054 ratus.
674 1012 900 1060 Ceterum,
930 1014 1043 1056 sicut
1070 1029 1201 1056 curru
1228 1010 1463 1063 eminebat,
1496 1011 1592 1057 dex·
1621 1035 1642 1066 9

236 1096 302 1130 tra
341 1085 547 1143 laevaque
595 1084 650 1126 ad
695 1082 1020 1127 circumstantia
1047 1087 1061 1110 ¹
1102 1086 1273 1143 agmina
1316 1085 1466 1129 oculos
1504 1103 1595 1128 ma-

236 1175 405 1217 nusque
447 1157 770 1205 circumferens,
814 1160 1048 1201 Terrarum,
1077 1154 1228 1215 inquit,
1261 1171 1366 1216 quas
1399 1163 1596 1202 Oceanus

235 1237 335 1277 hinc
371 1230 513 1281 alluit,
554 1233 675 1272 illinc
722 1230 890 1272 claudit
934 1229 1267 1285 Hellespontus,
1315 1235 1446 1288 paulo
1495 1244 1594 1274 ante

237 1306 417 1354 domini,
449 1306 535 1346 iam
557 1320 639 1345 non
659 1305 711 1345 de
741 1306 900 1357 gloria,
928 1306 1006 1345 sed
1034 1306 1087 1344 de
1115 1306 1268 1353 salute,
1299 1316 1356 1355 et,
1385 1308 1502 1362 quod
1531 1321 1594 1347 sa-

238 1383 326 1423 luti
365 1377 660 1435 praeponitis,
700 1379 754 1417 de
786 1376 988 1418 libertate
1019 1379 1300 1431 pugnandum
1337 1391 1413 1419 est.
1507 1383 1597 1421 Hic
1611 1399 1658 1422 10

238 1456 335 1495 dies
373 1453 612 1506 imperium,
651 1464 734 1505 quo
775 1452 933 1491 nullum
969 1451 1156 1504 amplius
1185 1452 1308 1492 vidit
1342 1462 1477 1499 aetas,
1517 1464 1595 1495 aut

237 1529 488 1569 constituet,
527 1533 606 1564 aut
631 1521 782 1581 finiet.
866 1525 998 1577 Apud
1047 1523 1276 1565 Granicum
1316 1527 1492 1566 minima
1527 1529 1593 1567 vi-

237 1602 348 1641 rium
385 1608 512 1653 parte
559 1613 652 1637 cum
691 1599 814 1638 hoste
850 1599 1131 1637 certavimus:
1163 1599 1209 1638 in
1253 1594 1411 1639 Cilicia
1450 1601 1595 1640 victos

238 1676 370 1729 Syria
400 1680 577 1726 poterat
615 1671 834 1724 excipere:
872 1685 1029 1723 magna
1069 1672 1330 1711 munimenta
1366 1675 1490 1725 regni
1529 1671 1595 1713 Yi-

236 1749 330 1801 gris
375 1756 503 1800 atque
539 1740 791 1796 Euphrates
837 1753 970 1783 erant.
1061 1739 1111 1783 V
1105 1752 1250 1782 ent-um
1284 1754 1351 1784 est
1386 1759 1448 1793 eo,
1486 1747 1656 1786 auden

234 1821 376 1876 pulsis
400 1834 450 1860 ne
463 1814 609 1876 fugae
637 1812 809 1871 quidem
834 1817 953 1857 locus
981 1820 1060 1856 est.
1109 1816 1267 1856 Omnia
1297 1826 1387 1856 tam
1421 1819 1593 1862 diutino

236 1890 345 1935 bello
377 1890 593 1932 exhausta
629 1899 734 1943 post
756 1899 922 1943 tergum
945 1899 1068 1930 sunt:
1098 1903 1182 1929 non
1210 1886 1372 1929 incolas
1399 1906 1499 1933 suos
1528 1907 1593 1934 ur-

235 1966 325 2018 bes,
353 1981 436 2007 non
476 1965 661 2004 cultores
696 1959 853 2003 habene
893 1973 1046 2003 terrae.
1117 1961 1329 2015 Coniuges
1356 1979 1521 2020 quoque
1548 1977 1592 2009 eb

235 2036 362 2081 liberi
399 2047 631 2093 sequuntur
669 2033 780 2077 hanc
807 2032 955 2086 aciem,
995 2047 1160 2089 parata
1189 2037 1384 2077 hostibus
1411 2042 1591 2092 pracda,

237 2115 324 2156 uisi
376 2125 456 2166 pro
518 2106 747 2150 carissimis
797 2110 1052 2163 pignoribus
1094 2123 1275 2162 corpora
1321 2114 1587 2164 opponimus.

243 2181 373 2252 Quod
411 2199 596 2223 mearum
626 2176 731 2242 suit
769 2185 973 2236 partium,
1015 2185 1261 2230 exercitum,
1305 2199 1426 2237 quem
1458 2201 1653 2238 paenam

239 2263 445 2300 immensa
473 2258 681 2310 planicies
721 2258 804 2296 vix
834 2266 1020 2310 caperet,
1050 2257 1327 2309 comparavi:
1359 2272 1499 2311 equos,
1530 2276 1598 2299 ar-

239 2349 310 2374 ma
348 2324 577 2372 distribui:
617 2340 887 2377 commeatus,
928 2345 978 2369 ne
1009 2339 1158 2368 tantae
1181 2330 1454 2371 multitudini
1480 2333 1595 2374 deesa

238 2415 345 2454 sent,
384 2399 588 2458 providi:
631 2403 783 2452 locum,
827 2404 871 2443 in
915 2416 997 2456 quo
1035 2403 1152 2443 acies
1185 2404 1396 2456 explicari
1429 2416 1595 2459 posset,

1464 2479 1588 2531 elegi.

238 2610 256 2638 ¹
281 2611 614 2662 circumstantium.
