1703 2961
231 68 316 107 200
682 61 740 117 Q.
776 59 982 105 CUR'ru
1008 61 1149 104 Rem

236 186 319 212 nat.
349 179 429 216 329.
467 173 684 218 exeuntum)
720 184 792 207 nec
824 184 912 208 vero
949 174 1015 207 diu
1045 172 1102 207 ibi
1130 174 1316 214 constitit,
1354 175 1419 209 sed
1443 176 1595 221 supple-

240 243 371 270 mento
395 235 557 268 militum
571 236 811 276 auctus,Oxo
831 235 959 268 denuo
971 241 1163 280 superato,
1179 246 1285 268 arma
1307 236 1596 279 circumferens,

242 307 495 345 quaecunque
531 295 751 330 defectione
782 296 932 330 turbata
950 327 951 331 ,
968 303 1073 330 erant
1108 297 1320 342 componit,
1342 309 1458 331 novas
1485 298 1597 331 etiam

241 372 307 394 rex
331 359 441 392 urbes
463 358 593 392 condit
610 358 710 391 circa
723 358 972 403 Marganiam.
1013 357 1093 402 (Ἡ)
1121 358 1324 405 Supererat
1344 367 1461 405 petra,
1485 371 1598 405 quam

240 422 430 456 Arimazes
467 420 680 463 Sogdianus
725 417 944 460 obtinebat,
976 419 1071 463 regis
1104 419 1223 453 minas
1248 420 1417 454 eludens.
1468 422 1598 469 I-tnque

241 482 456 518 Alexander
491 486 559 517 300
601 482 756 515 iuvenes
793 479 960 514 delectos
993 481 1164 514 maximis
1193 481 1386 526 promissis
1423 489 1598 515 oneratos

241 544 283 578 in
309 555 498 577 summum
520 542 660 575 montis
686 542 865 576 verticem
891 553 1020 575 averso
1036 542 1174 576 itinere
1199 542 1358 576 evadere
1372 542 1488 576 iubet.
1517 542 1599 587 (42)

243 606 319 651 Qui
352 615 421 651 per
454 615 586 650 aspera
621 610 658 637 et
689 603 850 649 abrupta
882 605 977 638 enisi
1018 602 1174 637 tandem
1212 616 1258 638 eo
1285 605 1523 651 perveniunt.
1551 605 1599 639 si-

241 676 446 712 gnumque.
482 664 528 697 de
567 677 643 710 quo
669 673 917 709 convenerat,
954 666 1087 699 edunt.
1146 662 1229 710 (43)
1269 667 1356 712 Quo
1389 673 1598 702 monstrato

243 729 433 761 Arimazes
465 727 685 772 perterritus
709 727 789 773 regi
816 737 896 761 sete
922 727 1036 766 dedit,
1062 726 1129 761 sed
1147 728 1350 774 superbiae
1376 738 1488 761 causa
1514 739 1600 774 sup-

241 789 361 836 p¹icio
390 786 566 822 afficitur.

243 870 587 966 Pnuo‘rA-x·
643 923 756 966 sicut
793 924 1042 970 rec-entibus
1077 923 1249 966 sceleris
1288 923 1377 965 eius
1414 923 1599 981 vestigiis
1622 932 1650 962 1·
1683 961 1685 967 .

243 996 338 1039 iure
381 995 592 1037 affectum
633 995 846 1052 supplicio
889 1004 1152 1043 censuerant
1177 997 1346 1046 milites,
1379 996 1451 1047 ita,
1483 1003 1600 1053 post-

242 1082 376 1124 quam
415 1067 602 1109 desierat
641 1083 731 1109 esse
771 1083 902 1124 quem
943 1067 1148 1116 odissent,
1178 1068 1334 1110 invidia
1367 1068 1410 1109 in
1437 1068 1601 1110 miseri*

243 1139 442 1184 cordiam
479 1141 621 1182 vertit.
680 1139 884 1181 Moverat
927 1147 968 1181 et
997 1140 1166 1181 claritas
1197 1139 1370 1189 iuvenis,
1399 1147 1442 1180 et
1467 1141 1601 1196 patris

242 1212 334 1253 eius
362 1219 562 1254 senectus
600 1220 728 1270 atque
764 1212 940 1253 orbitas.
1001 1213 1170 1253 Primus
1196 1211 1343 1252 Asiam
1373 1219 1603 1269 aperuerat

241 1282 342 1340 regi,
375 1283 578 1325 omnium
603 1283 903 1340 periculorum
933 1283 1022 1323 eius
1042 1283 1274 1340 particeps,
1305 1299 1475 1339 semper
1501 1270 1600 1327 alte-

240 1368 342 1396 rum
371 1353 416 1395 in
457 1355 549 1397 acie
585 1369 725 1398 cornu
764 1354 1032 1404 defenderat,
1061 1353 1263 1411 Philippo
1295 1370 1470 1412 quoque
1501 1364 1601 1398 ante

243 1441 397 1468 omnes
436 1427 614 1478 amicus,
650 1435 695 1469 et
733 1427 812 1483 ipsi
847 1426 1093 1468 Alexandro
1131 1433 1222 1467 tam
1244 1424 1379 1476 fidus,
1411 1434 1459 1467 ut
1489 1428 1603 1469 occi-

244 1497 375 1539 dendi
402 1498 603 1540 Attalum
645 1515 738 1541 non
773 1498 858 1540 aiio
888 1498 1088 1540 ministro
1118 1497 1181 1539 uti
1210 1497 1368 1539 mallet.
1427 1498 1600 1541 Horum

244 1570 452 1627 cogitatio
478 1571 652 1613 subibat
688 1571 942 1618 exercitum,
979 1569 1296 1626 seditiosaeque
1337 1583 1466 1612 voces
1495 1571 1601 1614 refe-

240 1643 452 1684 rebantur
478 1644 533 1685 ad
563 1658 724 1699 regem.
785 1642 896 1697 Quis
922 1641 990 1683 ille
1021 1641 1139 1682 haud
1169 1656 1270 1682 sane
1295 1649 1456 1690 motus,
1483 1644 1600 1685 satis·

229 1713 326 1773 'que
354 1715 557 1771 prudens,
581 1715 657 1757 otii
679 1715 777 1756 vitia
802 1714 976 1770 negotio
999 1713 1166 1762 discuti,
1194 1713 1338 1763 edicit,
1370 1721 1419 1756 ut
1447 1730 1599 1757 omnes

241 1787 287 1829 in
318 1788 530 1829 vestibulo
554 1787 696 1844 regiae
730 1794 905 1843 praesto
937 1785 1062 1829 sint.²
1099 1784 1224 1840 Quos
1247 1786 1321 1827 ubi
1348 1785 1599 1843 frequentes

240 1859 387 1901 adesse
412 1862 628 1917 cognovit,
650 1859 693 1900 in
720 1858 973 1901 contionem
993 1857 1214 1914 processit.
1249 1858 1378 1900 Haud
1399 1859 1528 1901 dubie
1550 1876 1599 1903 ex

241 1933 490 1988 composito
526 1931 738 1987 Apharias
786 1930 1006 1987 postulare
1056 1929 1225 1986 coepit,
1273 1937 1322 1971 ut
1364 1930 1596 1989 Lyncestes

237 2003 496 2054 Alexander,
536 2004 610 2061 qui
647 2003 788 2044 multo
828 2010 928 2044 ante
967 2018 1101 2060 quam
1133 2001 1324 2043 Philotas
1353 2017 1499 2059 regem
1527 2019 1599 2045 vo-

239 2073 386 2116 luisset
420 2076 635 2125 occidere,
667 2073 957 2116 exhiberetur.
1021 2076 1061 2115 A
1090 2074 1261 2116 duobus
1289 2074 1516 2124 indicibus,
1548 2075 1598 2116 si-

240 2154 316 2189 cut
352 2163 482 2208 supra
525 2147 731 2197 diximus,
772 2147 955 2197 delatuS,
997 2146 1175 2188 tertium
1204 2144 1301 2187 'iam
1332 2161 1498 2189 annum
1526 2162 1597 2202 cu-

237 2219 510 2260 stodiebatur
547 2220 592 2261 in
626 2218 820 2261 vinculis.
888 2219 1094 2260 Eundem
1128 2217 1173 2258 in
1200 2217 1388 2274 Philippi
1419 2233 1594 2275 quoque

235 2290 418 2333 caedem
447 2291 694 2334 coniurasse
727 2306 829 2332 cum
858 2290 1080 2340 Pausania,
1120 2304 1202 2346 pro
1236 2297 1466 2346 comperto
1494 2289 1595 2341 fuit;

233 2362 310 2404 sed
349 2363 451 2421 quia
492 2364 661 2420 primus
692 2362 989 2405 Alexandrum
1023 2376 1172 2418 regem
1201 2360 1471 2413 salutaverat,
1503 2377 1596 2420 sup-

232 2434 362 2491 plicio
401 2437 538 2492 magis
582 2434 927 2493 quernei-immi
967 2434 1111 2476 fuerat
1139 2439 1373 2488 exemptus.
1428 2434 1589 2476 Tune³

235 2558 251 2583 ¹
277 2558 483 2593 Philotam.
685 2570 704 2596 2
733 2571 908 2611 afforeup
1110 2569 1130 2599 3
1159 2576 1252 2603 tum.

1692 1127 1703 1135 .

1631 1151 1652 1174 2
1695 1141 1703 1171 ἒ

1632 1222 1651 1251 3

1627 2447 1644 2474 :⁷
