1703 2961
257 152 339 194 DE
378 151 584 196 GESTIS
629 151 796 196 ALEX.
834 155 972 201 ARG.
1008 159 1162 204 LIBRI
1198 161 1272 204 IV.
1387 161 1437 205 41

143 265 200 309 (7)
238 263 358 308 Tyrii,
392 263 668 309 opulentissimi
701 264 948 311 Phoenicum,
992 272 1247 306 Alexandrum
1283 274 1439 308 Herculi

97 323 408 369 sacrificaturum,
433 326 530 359 intra
554 325 706 358 moenia
731 329 899 375 recipere
923 340 1110 374 recusant,
1137 342 1173 366 et
1199 335 1440 370 obsidionem

98 387 195 420 ferre
214 387 372 427 malunt,
401 386 459 431 (8)
482 397 504 420 a
522 387 733 420 continenti
752 390 838 423 satis
863 391 941 425 lato
964 392 1062 426 freto
1087 394 1262 442 dirempti
1290 404 1327 430 et
1345 397 1442 432 Car-

98 448 393 493 thaginiensium
426 447 568 481 auxilio
603 447 703 482 freti.
764 451 822 495 (9)
850 452 947 487 Belli
973 463 1193 500 apparatum
1221 460 1442 504 expediunt,

100 507 290 541 ominibus
316 509 542 554 ancipitibus
566 507 848 551 confirmantur.
875 515 1139 551 caduceatores
1170 519 1282 554 etiam
1312 528 1445 556 contra

99 570 156 603 ius
182 569 348 613 gentium
380 567 626 603 interficiunt.
683 572 761 616 (10)
795 574 888 608 Urbs
923 577 1035 622 igitur
1061 581 1272 626 oppugnari
1307 589 1445 628 coepta

99 637 166 667 est,
191 631 382 673 (extr-emo
416 642 517 663 αηηο
554 638 647 664 ante
677 633 767 667 Chr.
808 644 888 669 nat.
915 639 1002 683 333)
1038 642 1168 683 moles,
1215 653 1312 688 quae
1340 643 1442 676 insu-

97 692 174 725 lam
199 691 413 724 continenti
455 690 684 736 adiungeret,
717 694 864 730 iacitur.
930 699 1012 745 (11)
1043 701 1084 734 Id
1117 714 1227 748 opus,
1255 716 1332 750 quo
1358 705 1443 738 lon-

99 752 179 797 gius
206 763 228 785 a
260 752 373 785 litore
406 751 566 794 ducitur,
605 764 649 785 eo
688 754 882 791 difficilius
916 757 970 792 fit.
1027 761 1211 797 Adversus
1253 764 1446 799 incessen-

98 820 152 846 tes
201 813 338 858 Tyrios
400 813 503 847 coria
549 813 809 850 obtenduntur
859 821 1131 860 munientibus,
1181 832 1298 859 turres
1348 826 1445 860 exci-

100 881 238 908 tantur.
292 875 375 920 Ipse
408 886 493 917 reat,
529 875 648 921 copiis
686 876 826 922 divisis,
859 889 1018 926 agrestes
1049 885 1188 918 Arabes
1222 887 1264 920 in
1294 887 1445 921 Libano

101 926 361 982 (Antilibano)
385 942 515 969 monte
541 936 762 981 aggreditur.
812 941 893 984 (12)
917 944 1064 977 Interea
1089 944 1210 989 Tyrii,
1234 958 1331 980 nave
1357 959 1448 982 one.

102 998 201 1031 raria
233 996 342 1030 aridis
373 998 570 1031 sarmentis
605 998 765 1044 aliisque
798 1002 908 1036 rebus
942 1003 1022 1049 igni
1055 1008 1268 1052 spargendo
1294 1009 1446 1043 idoneis

99 1058 238 1092 referta
259 1064 295 1090 et
314 1058 362 1090 ad
389 1059 530 1092 molem
556 1060 765 1105 compulsa,
788 1068 907 1097 turres
932 1064 1157 1110 incendunt,
1206 1080 1300 1115 opus
1324 1080 1449 1115 paene

99 1126 221 1152 totum
250 1118 416 1151 diruunt.
468 1119 549 1162 (13)
586 1120 734 1154 Novam
770 1124 911 1157 molem
939 1126 1084 1161 orditur
1105 1130 1333 1173 Alexander,
1356 1132 1449 1165 clas-

101 1190 180 1213 sem
206 1178 319 1212 etiam
354 1179 582 1225 Cypriorum
621 1188 657 1213 et
685 1183 858 1228 ,ipsorum
890 1185 1146 1234 Phoenicum,
1179 1192 1255 1225 iam
1278 1193 1448 1238 partibus

101 1239 379 1282 accedentium,
422 1240 578 1287 colligit,
617 1241 750 1286 Tyrias
782 1256 895 1279 naves
929 1249 1029 1282 intra
1056 1258 1210 1296 portum
1236 1255 1448 1300 compellit,

102 1299 184 1346 (14)
209 1301 288 1335 Iam
314 1312 334 1334 e
359 1302 516 1335 navibus
547 1304 702 1337 moenia
727 1316 1010 1353 oppugnantur,
1037 1311 1175 1347 iunctis
1202 1315 1450 1360 quadriremi-

101 1362 171 1395 bus
201 1368 238 1395 et
258 1362 440 1407 pontibus
475 1364 687 1402 constratis,
712 1366 778 1399 sed
802 1373 1002 1414 tempestas
1026 1378 1154 1407 tamen
1182 1375 1318 1419 Tyrios
1344 1376 1450 1410 adiu-

101 1418 176 1456 vat.
227 1423 309 1467 (15)
335 1423 465 1468 Legati
497 1424 866 1471 Carthaginiensium
891 1431 1022 1466 auxilii
1047 1445 1152 1480 spem
1181 1435 1368 1480 auferunt,
1395 1437 1452 1471 ni·-

102 1483 186 1517 hilo
212 1490 339 1516 tamen
364 1485 480 1530 magis
503 1486 610 1530 Tyrii
640 1487 849 1533 desperant,
876 1491 1033 1526 deorum
1060 1506 1172 1540 opem
1195 1498 1454 1543 superstitiose

105 1544 354 1590 paciscentes.
423 1546 504 1590 (16)
543 1546 653 1580 Nova
694 1549 808 1582 etiam
840 1553 981 1586 auxilia
1012 1554 1215 1590 imminens
1252 1559 1453 1592 necessitas

107 1606 231 1639 docet.
285 1605 365 1650 (17)
391 1606 519 1640 Plures
545 1619 657 1642 naves
682 1609 859 1644 admovet
882 1613 1107 1657 Alexander,
1135 1618 1271 1651 eodem
1295 1621 1453 1665 augurio

108 1666 225 1700 animi
280 1673 316 1699 et
349 1667 604 1702 Macedonum
652 1677 689 1703 et
721 1671 951 1719 Tyriorum,
999 1683 1041 1709 ut
1084 1677 1163 1711 fere
1207 1677 1269 1720 fit,
1318 1681 1453 1715 confir-

107 1734 271 1760 mantur.
324 1728 401 1772 (18)
425 1728 555 1774 Pugna
579 1732 722 1765 navalis
747 1735 1006 1778 committitur,
1035 1737 1140 1772 cuius
1169 1740 1217 1775 ad
1245 1748 1454 1781 extremum

106 1789 269 1823 victores
293 1786 391 1821 flunt
415 1789 658 1833 Macedones,
682 1800 719 1825 et
757 1794 838 1838 (19)
861 1797 1064 1831 tertio-die
1089 1807 1186 1845 post,
1212 1801 1359 1848 impetu
1383 1816 1457 1838 un-

107 1850 226 1896 dique
249 1849 365 1892 facto,
391 1850 478 1884 urbs
503 1861 749 1898 expugnatur,
773 1855 978 1892 victoribus
1004 1862 1233 1897 exacerbatis
1256 1865 1459 1899 saevienti-s

108 1911 192 1952 bus,
217 1911 295 1955 (20)
319 1912 482 1957 septimo
508 1924 638 1946 mense
656 1922 856 1960 postquam
882 1924 1094 1967 oppugnari
1121 1931 1258 1970 coepta
1285 1933 1339 1959 est
1363 1927 1460 1971 (me-

111 1970 176 2005 dio
202 1984 304 2005 anno
327 1985 353 2004 a
379 1973 470 2006 Chr.
495 1983 576 2007 nat.
601 1979 685 2018 332,
715 1990 842 2012 mense
865 1981 1000 2015 Attico
1023 1985 1393 2033 Hecatomhaeone.)

159 2033 241 2078 (21)
274 2033 493 2067 Afferuntur
525 2036 662 2070 alterae
694 2038 841 2073 litterae
874 2053 895 2075 a
926 2043 1060 2082 Dario,
1097 2047 1233 2091 quibus
1257 2047 1361 2082 filiae
1383 2062 1461 2085 ma-

114 2094 338 2127 trimonium
376 2101 413 2127 et
444 2096 569 2129 Asiam
602 2099 654 2131 cis
686 2099 812 2145 Halyn
843 2102 1056 2138 Alexandro
1096 2107 1225 2143 offert:
1257 2112 1464 2157 respondet

115 2155 181 2189 hic
221 2155 380 2189 irridens
410 2159 575 2191 muneris
598 2159 793 2195 vilitatem.
852 2163 934 2209 (22)
964 2165 1149 2203 Praefecti
1182 2172 1465 2216 provinciarum

117 2217 377 2251 instituuntur.
450 2218 586 2253 Graeci
627 2220 726 2255 ludis
760 2222 924 2258 Isthmiis
956 2227 1169 2264 Alexandro
1199 2245 1379 2268 coronam
1399 2247 1463 2270 au-

118 2289 221 2312 ream
255 2278 475 2312 decernunt.
535 2281 611 2324 (23.
644 2278 719 2327 24.)
756 2284 831 2317 Res
863 2285 1015 2321 interim
1048 2290 1091 2324 in
1125 2293 1213 2327 Asia
1244 2296 1395 2334 minore
1427 2300 1465 2328 et

120 2339 252 2372 insulis
291 2347 415 2385 gestae
452 2349 683 2377 enarrantur.
746 2344 862 2380 Chios
897 2358 1093 2396 occupata,
1119 2354 1303 2400 Mitylene
1334 2358 1464 2395 dedita

123 2407 211 2442 erat,
234 2402 333 2446 capti
359 2401 623 2437 Pharnabazus
642 2405 718 2438 dux
747 2413 783 2438 et
797 2408 1027 2446 Aristonicus
1045 2421 1239 2459 tyrannus.
1276 2419 1358 2464 (25)
1386 2421 1463 2453 Da-

122 2461 198 2494 rius
221 2461 367 2495 bellum
400 2471 551 2498 strenue
582 2473 700 2510 parat,
736 2467 868 2508 Besso,
898 2470 1188 2512 Bactrianorum
1218 2487 1376 2526 satrapa.
1405 2494 1465 2516 ac-

125 2523 275 2563 cersito,
315 2535 474 2568 quarum
511 2537 635 2559 rerum
663 2528 834 2561 omnium
862 2530 1011 2575 ignarus
1036 2536 1249 2574 Alexander
1285 2543 1365 2587 (26)
1391 2544 1464 2578 Ga-

121 2594 216 2626 zam,
241 2583 372 2617 urbem
407 2592 607 2620 extremam
640 2590 849 2635 Aegyptum
873 2603 1014 2638 versuS,
1043 2597 1204 2634 obsidet.
1256 2605 1465 2651 oppugna-

122 2644 176 2678 tio
202 2656 287 2678 cum
322 2657 457 2692 partun
490 2649 725 2694 procederet,
749 2662 815 2685 rex
842 2664 983 2691 corona
1007 2658 1142 2695 urbem
1164 2674 1300 2712 capere
1322 2668 1464 2711 statuit,
