1703 2961
255 191 309 232 66
705 185 760 242 Q.
802 184 1003 228 cunrn
1033 184 1174 227 mm
1698 168 1701 238 ,’

258 309 459 344 rotarum
511 299 794 347 morabatur,
845 303 891 339 et
929 297 1124 339 tabulata
1160 294 1351 338 turrium
1389 295 1625 352 perfringe-

1697 350 1700 365 0

262 376 353 422 bat,
387 372 603 430 multique
639 369 984 412 vulnerabantur
1012 369 1206 426 impune,
1241 382 1341 409 cum
1372 367 1488 409 idem
1520 369 1627 411 reci-

260 444 434 503 piendis
471 444 542 501 qui
591 441 876 484 admovendis
907 441 1099 483 turribus
1138 440 1263 480 labor
1304 454 1378 480 eos
1411 438 1626 497 fatigaret.
1696 416 1699 516 ζ

261 520 381 574 Ergo
419 515 615 573 receptui
657 514 777 570 signo
813 513 931 560 dato,
968 520 1147 569 postero
1179 512 1247 553 die
1280 526 1433 553 muros
1462 527 1626 554 corona
1643 527 1703 571 103,

265 588 531 632 circumdari
561 586 693 627 iussit.
764 584 968 642 Ortoque
1001 584 1104 632 sole,
1136 585 1393 641 priusquam
1425 584 1628 626 admove·
1694 584 1703 642 fl

1694 648 1697 662 ι

263 669 334 703 ret
368 660 628 708 exercitum,
664 672 796 714 opem
833 658 966 699 deum
996 672 1247 713 exposcens,
1279 671 1454 699 sacrum
1484 657 1627 713 patrio

267 749 393 776 more
425 731 630 774 faciebat.
705 729 839 771 Forte
882 729 1208 786 praetervolans
1251 744 1406 772 corvus
1444 720 1697 786 glebam,n.'

269 821 403 863 quam
435 803 653 860 unguibus
689 801 871 852 ferebat,
911 801 1055 842 subito
1087 801 1250 842 amisit:
1292 816 1402 859 quae
1436 817 1538 843 cum
1567 816 1633 842 re·
1692 775 1697 840 i

269 879 330 936 gis
361 877 492 934 capiti
531 875 763 924 incidisset,
800 873 990 915 resoluta
1022 871 1212 922 defluxit,
1246 873 1336 928 ipsa
1366 882 1514 914 autem
1545 873 1634 914 avis
1691 886 1695 924 ξ

270 952 314 992 in
338 949 537 1007 proxima
571 954 690 987 turre
723 945 933 988 consedit.
992 943 1101 985 Illita
1135 951 1228 985 erat
1258 944 1388 986 turris
1417 944 1633 986 bitumine
1690 925 1694 949 ⁸

269 1038 321 1065 ac
355 1021 577 1078 sulphure,
611 1019 653 1059 in
693 1034 775 1075 qua
817 1018 890 1058 alis
927 1016 1235 1062 haerentibus,
1270 1017 1430 1058 frustra
1464 1032 1508 1058 se
1539 1017 1635 1058 alle-
1689 1045 1693 1066 .

269 1110 371 1136 vare
408 1099 613 1140 conatus,
655 1107 678 1132 a
721 1088 1104 1132 circumstantibus
1142 1088 1325 1144 capitur.
1397 1089 1540 1146 Digna
1569 1071 1693 1138 resxz:

270 1167 374 1213 visa,
397 1166 450 1206 de
483 1179 568 1220 qua
593 1171 711 1204 vates
739 1162 1004 1204 consuleret:
1029 1164 1043 1182 ¹
1082 1168 1125 1201 et
1164 1169 1258 1201 erat
1285 1176 1374 1201 non
1400 1161 1589 1202 intactus
1611 1165 1632 1187 ²
1688 1143 1693 1199 l

273 1253 323 1280 ea
354 1235 663 1294 superstitione
700 1234 871 1275 mentis.
932 1233 1050 1289 Ergo
1091 1232 1361 1280 Aristander,
1404 1232 1473 1274 cui
1505 1234 1638 1274 maxi·
1685 1208 1691 1312 ξ

272 1326 346 1352 ma
387 1308 493 1350 fides
534 1307 802 1355 habebatur,
845 1305 962 1347 urbis
994 1304 1173 1362 quidem
1205 1304 1422 1346 excidium
1454 1305 1636 1362 augurio
1685 1321 1689 1364 Ι

272 1382 345 1423 illo
380 1380 600 1438 portendi,
639 1386 836 1421 ceterum
874 1377 1120 1434 periculum
1158 1392 1261 1425 esse,
1289 1379 1306 1405 ³
1345 1392 1400 1418 ne
1439 1384 1512 1418 rex
1551 1377 1639 1418 vul-

271 1469 355 1495 nus
386 1451 637 1508 acciperet:⁴
666 1451 813 1507 itaque
853 1450 1039 1499 monuit,
1071 1464 1126 1490 ne
1159 1449 1263 1506 quid
1296 1465 1348 1491 eo
1376 1449 1445 1491 die
1477 1449 1639 1506 incipe-

271 1533 354 1568 ret.
419 1524 518 1571 Ille,
559 1537 831 1580 quamquam
871 1537 1007 1563 unam
1045 1521 1203 1562 urbem
1242 1520 1336 1571 sibi,
1378 1537 1466 1579 quo
1496 1522 1671 1563 minusx

272 1612 452 1640 securus
485 1596 734 1652 Aegyptum
774 1594 970 1643 intraret,
1004 1594 1178 1635 obstare
1210 1608 1336 1650 aegre
1364 1593 1546 1645 ferebat,
1577 1601 1639 1635 ta-

272 1685 378 1711 men
406 1667 554 1725 paruit
581 1666 683 1713 vati,
712 1666 969 1723 signumque
999 1665 1196 1722 receptui
1221 1665 1355 1706 dedit.

210 1745 263 1792 27
356 1740 470 1782 Hinc
509 1739 680 1780 animus
717 1739 853 1779 crevit
892 1737 1085 1788 obsessis,
1129 1737 1372 1794 egressique
1405 1745 1534 1794 porta
1575 1753 1640 1779 re-

274 1812 532 1857 cedentibus
590 1809 786 1851 inferunt
841 1809 982 1866 signa,
1055 1811 1387 1852 cunctationem
1442 1808 1639 1851 hostium

274 1901 398 1929 suam
436 1884 533 1926 fore
559 1880 582 1904 ⁴
612 1881 891 1923 occasionem
922 1882 1018 1923 rati.
1080 1883 1167 1924 Sed
1200 1883 1341 1925 acrius
1372 1896 1506 1938 quam
1538 1897 1670 1926 con-1

274 1957 456 2000 stantius
502 1953 720 2012 proelium
773 1954 985 1996 inierunt:
1043 1954 1204 2011 quippe
1251 1961 1302 1995 ut
1337 1953 1656 1996 Macedonum*
1684 1975 1690 1982 ·’

274 2031 392 2087 signa
424 2025 660 2082 circumagi
690 2025 850 2077 videre,
881 2033 1063 2083 repente
1093 2026 1250 2068 sistunt
1277 2027 1475 2083 gradum.
1527 2028 1640 2069 Iam-

277 2118 361 2160 que
395 2102 450 2143 ad
486 2114 634 2156 regem
670 2098 983 2155 proeliantium
1025 2098 1194 2140 clamor
1234 2107 1504 2156 pervenerat,
1536 2115 1639 2141 cum

279 2172 524 2216 denuntiati
556 2170 738 2227 periculi
765 2170 886 2213 haud
917 2187 1019 2213 sane
1040 2164 1235 2221 'mem0r,
1261 2171 1444 2213 loricam
1471 2179 1636 2221 tamen,
1672 2198 1680 2252 t

278 2262 412 2303 quarn
441 2259 542 2285 raro
581 2242 806 2291 induebat,
837 2243 990 2286 amicis
1023 2244 1249 2284 orantibus
1277 2244 1476 2300 sumpsit,
1506 2251 1550 2285 et
1581 2244 1638 2286 ad

277 2310 420 2376 prima
461 2317 580 2372 signa
617 2316 829 2371 pervenit.
886 2317 988 2372 Quo
1027 2322 1266 2372 conspecto
1294 2315 1435 2356 Arabs
1461 2316 1666 2372 quidam1

276 2390 411 2432 Darei
436 2388 571 2436 miles,
601 2387 742 2429 maius
768 2388 947 2430 fortuna
976 2403 1051 2430 sua
1079 2388 1250 2430 facinus
1281 2403 1419 2438 ausus,
1448 2388 1642 2444 gladium

278 2462 431 2519 clypeo
459 2461 474 2488 ⁵
515 2467 674 2515 tegens,
712 2461 832 2517 quasi
883 2460 1101 2518 transfuga
1138 2461 1318 2517 genibus
1360 2460 1471 2516 regis
1499 2460 1674 2523 advol-5

1668 2531 1672 2544 .

1667 2562 1670 2599 Ι

276 2635 294 2660 ¹
322 2631 624 2669 consulerentur.
717 2632 738 2657 ²
763 2632 883 2668 codd.
921 2633 1075 2667 intacta.
1191 2631 1211 2662 3
1244 2643 1335 2677 esse,
1363 2631 1546 2677 inquit.
1574 2641 1636 2663 ne.
1665 2607 1670 2686 i

371 2687 394 2720 4
414 2686 497 2723 sore
530 2697 650 2721 suam.
848 2689 865 2716 5
892 2688 1029 2732 clypeo
1055 2686 1237 2733 gladium.
