1703 2961
107 233 136 262 1.

68 2239 116 2264 10

71 2384 116 2407 11

479 74 560 117 DE
595 72 806 116 GESTIS
841 73 1011 116 ALEX.
1043 75 1094 125 X,
1132 75 1166 114 1.
1419 69 1501 115 345

153 185 367 266 Iisnlzm
399 218 491 261 fere
511 218 660 260 diebus
681 216 902 260 Cleander
933 226 975 260 et
1001 217 1182 260 Sitalces
1212 224 1379 259 etcum
1398 215 1508 273 Aga-
1548 211 1568 251 1

152 291 289 333 thone
320 292 525 332 Heracon
563 289 886 346 superveniunt,
918 292 990 347 qui
1022 291 1361 332 Parmenionem
1395 288 1511 329 iussu

152 363 262 419 regis
302 363 577 411 occiderant,
614 361 805 418 quinque
849 361 967 402 milia
1008 361 1208 418 peditum
1254 376 1355 402 cum
1394 360 1511 416 equi-

151 434 268 475 tibus
300 433 428 475 mille.
503 433 589 474 Sed
626 440 670 474 et
708 441 982 474 accusatores
1014 448 1087 474 eos
1113 448 1135 473 e
1170 431 1407 488 provincia,
1439 431 1509 472 cui

149 505 443 562 praefuerant,
471 505 787 561 sequebantur3
819 520 900 546 nec
929 512 996 546 tot
1020 503 1354 559 sacinora,quot
1375 502 1511 542 admi-

148 584 306 625 serant,
349 590 635 631 compensare
669 584 877 632 poterant
918 576 1061 619 caedis
1106 589 1319 631 perquam
1360 581 1508 630 gratae

149 648 234 704 regi
265 647 520 688 ministerio.
589 647 763 704 Quippe
809 663 909 689 cum
942 647 1089 689 omnia
1121 645 1305 703 profana
1333 646 1510 702 spolias-

146 727 254 770 sent,
294 735 348 760 ne
386 720 518 760 sacris
557 719 735 778 quidem
777 719 1102 766 abstinuerant,
1150 717 1423 774 virginesque
1465 726 1508 760 et

144 791 365 848 principes
401 791 682 840 feminarum,
723 799 872 848 stupra
902 805 1143 848 perpessae,
1177 805 1416 845 corporum
1446 789 1509 830 lu-

147 863 284 904 dibria
319 863 554 904 deflebant.
591 864 781 906 Invisum
804 864 1105 906 Macedonum
1135 877 1300 902 nomen
1329 862 1506 903 avaritia

148 950 302 976 eorum
322 950 372 977 ac
405 935 538 976 libido
572 935 770 978 barbaris
788 936 966 978 fecerat.
1026 936 1146 975 Inter
1171 949 1324 974 omnes
1354 940 1506 975 tamen

145 1008 366 1048 eminebat
392 1006 597 1048 Cleandri
641 1007 777 1056 Furor,
819 1008 891 1065 qui
933 1006 1128 1048 nobilem
1156 1004 1368 1061 virginem
1403 1021 1506 1047 con-

143 1085 385 1132 stupratam
415 1094 538 1119 servo
569 1094 647 1120 suo
680 1079 882 1137 pellicem
915 1079 1109 1119 dederat.
1169 1077 1369 1134 Plerique
1400 1077 1507 1118 ami-

144 1165 300 1191 corum
332 1150 563 1192 Alexandri
592 1165 684 1190 non
710 1158 802 1190 tam
836 1149 1086 1196 criminum,
1113 1164 1225 1204 quae
1251 1149 1397 1205 palam
1429 1149 1505 1190 ob-

138 1220 418 1270 iiciebantur,
456 1221 754 1271 atrocitatem,
794 1236 929 1278 quam
971 1219 1236 1261 memoriam
1268 1219 1398 1262 occisi
1426 1235 1505 1276 per

138 1293 261 1333 illos¹
298 1292 624 1342 Parmenionis,
662 1293 782 1349 quod
817 1293 1004 1333 tacitum
1033 1291 1240 1348 prodesse
1272 1292 1355 1332 reis
1386 1293 1504 1348 apud

138 1379 287 1420 regem
330 1371 523 1421 poterat,
573 1364 883 1416 intuebantur,
923 1363 1023 1406 laeti
1064 1363 1267 1405 recidisse
1307 1363 1419 1403 iram
1457 1364 1504 1404 in

138 1435 227 1476 irae
268 1436 518 1488 ministros,
558 1452 638 1479 nec
678 1438 811 1478 ullam
848 1436 1097 1494 potentiam
1139 1435 1298 1477 scelere
1338 1435 1504 1492 quaesi-

137 1514 230 1548 tam
280 1507 483 1564 cuiquam
534 1524 624 1550 esse
673 1509 938 1550 diuturnam.
1013 1508 1106 1549 Rex
1146 1507 1318 1563 cognita
1371 1523 1501 1549 causa

135 1581 450 1636 pronuntiavit,
492 1581 546 1622 ab
585 1581 913 1623 accusatoribus
940 1595 1080 1620 unum
1108 1586 1152 1620 et
1181 1579 1224 1620 id
1258 1579 1500 1621 maximum

137 1651 305 1694 crimen
345 1668 433 1693 esse
466 1652 777 1708 praeteritum,
816 1652 1170 1708 desperationem
1201 1651 1346 1692 salutis
1376 1666 1500 1692 suae:

134 1739 363 1781 nunquam
393 1724 511 1765 enim
542 1724 642 1765 talia
675 1740 879 1773 ausuros,
919 1723 991 1781 qui
1024 1723 1168 1779 ipsum
1202 1739 1252 1764 ex
1279 1723 1400 1763 India
1433 1737 1502 1763 so·

135 1796 292 1851 spitem
322 1804 396 1837 aut
427 1803 651 1851 optassent
682 1797 854 1847 reverti,
891 1796 966 1837 a'ut
996 1795 1280 1838 credidissent
1307 1809 1501 1835 reversu-

134 1883 246 1908 rum.
313 1868 452 1924 Igitur
493 1868 574 1910 hos
614 1869 793 1925 quidem
832 1868 978 1919 vinxit,
1018 1881 1074 1908 Dc
1117 1874 1266 1908 autem
1295 1865 1498 1915 militum,

136 1941 208 1997 qui
239 1940 440 1982 saevitiae
483 1956 638 1982 eorum
679 1939 865 1981 ministri
906 1939 1100 1986 fuerant,
1136 1937 1323 1979 interfici
1364 1937 1500 1978 iussit.

134 2013 309 2055 Eodem
353 2013 422 2054 die
465 2021 692 2069 sumptum
735 2019 799 2052 est
836 2012 1100 2068 supplicium
1142 2011 1196 2052 de
1228 2010 1276 2050 iis
1307 2024 1497 2066 quoque,

134 2100 244 2141 quos
286 2093 488 2127 auctores
534 2083 791 2127 defectionis
835 2083 1067 2125 Persarum
1111 2082 1321 2125 Craterus
1363 2081 1500 2122 addu-

129 2164 263 2199 xerat.

216 2228 345 2270 Haud
384 2227 524 2269 multo
562 2235 662 2284 post
698 2228 929 2271 Nearchus
970 2235 1014 2269 et
1055 2225 1342 2275 Onesicritus,
1384 2240 1495 2282 quos
1533 2227 1559 2264 2

131 2299 299 2356 longius
330 2300 373 2341 in
405 2303 633 2342 Oceanum
663 2301 904 2358 procedere
932 2299 1129 2348 iusserat,
1166 2297 1494 2356 superveniunt.

133 2371 404 2413 Nuntiabant
443 2381 590 2414 autem
625 2373 843 2429 quaedam
896 2373 1065 2422 audita,
1115 2371 1195 2412 alia
1244 2376 1495 2426 comperta:

129 2443 314 2489 insulam
345 2445 456 2487 ostio
487 2444 626 2487 amnis
651 2444 894 2491 subiectam
917 2459 1023 2486 auro
1046 2443 1283 2494 abundare,
1313 2442 1495 2503 inopem

129 2529 182 2536 ..ι-

125 2575 143 2598 1
177 2584 254 2608 eos.
