1703 2961
105 1540 160 1580 28

156 115 240 170 374
605 116 662 174 Q.
698 116 906 162 CURTn
932 118 1074 162 mm

156 236 275 290 regis
301 247 480 287 corpore
516 233 698 288 sepulto,
735 234 795 273 ad
831 233 1103 287 praestanda
1139 234 1182 273 ei
1218 234 1338 275 iusta
1374 248 1518 277 omnes

157 325 250 350 esse
279 309 484 349 coituros.
560 307 691 371 Quod
723 307 782 346 ad
822 321 886 346 me
918 309 1094 356 accinet,
1123 308 1301 347 reddere
1331 309 1410 349 hoc
1440 309 1577 346 im-19

155 384 324 438 perium
355 381 486 427 malo,
524 395 652 434 quam
693 394 890 419 exercere
931 381 1094 419 civium
1131 382 1362 433 sanguine3
1401 390 1445 421 ec
1480 381 1522 419 si

157 456 276 498 nulla
301 455 392 494 alla
431 455 684 494 concordiae
722 469 821 507 spes
864 464 942 502 esc,
983 468 1057 494 oro
1088 468 1338 508 quaesoque,
1370 454 1522 506 eligite

157 531 386 584 potiorem.
448 524 631 566 Obortis
665 525 822 565 deinde
861 525 1064 572 lacrimis,
1094 525 1297 565 diadema
1329 523 1522 564 detrahit
1537 541 1587 565 20

162 599 305 655 capiti,
337 598 546 644 dextram,
580 611 664 652 qua
691 596 735 637 id
762 598 953 647 tenebat,
983 597 1264 651 protendens,
1290 605 1338 637 ut
1369 596 1399 638 si
1430 596 1524 652 quis

161 688 207 713 se
241 669 485 726 digniorem
526 667 823 724 profiteretur,
856 670 1085 723 acciperet.
1146 671 1372 725 Ingentem
1403 685 1526 726 spem
1543 687 1588 709 21

161 743 333 792 indolis,
372 747 472 782 ante
519 756 621 781 eum
662 740 778 782 diem
817 741 962 782 fratris
998 741 1196 783 claritate
1237 756 1523 796 suppressam,

163 831 214 859 ea
251 814 482 855 moderata
520 812 722 854 excitavit
764 814 920 855 oratio.
989 815 1140 870 ltaque
1182 814 1327 855 cuncti
1367 814 1525 855 instare

164 893 420 945 coeperunt,
460 891 520 935 ut,
559 900 669 942 quae
708 886 922 942 agitasset,
951 885 1103 942 exequi
1133 886 1274 927 vellet.
1333 885 1527 927 Eosdem
1543 902 1590 925 22

163 975 312 1002 rursus
353 959 467 1014 legat
509 958 735 1013 petituros,
773 966 823 999 ut
857 958 1130 1015 Meleagrum
1162 958 1340 999 tertium
1369 958 1529 999 ducem

164 1032 426 1086 acciperent.
492 1029 621 1070 Haud
661 1044 788 1086 aegre
821 1030 865 1071 id
896 1030 1182 1086 impetratum
1213 1039 1290 1071 est.
1349 1031 1462 1072 Nam
1488 1037 1531 1070 et

165 1105 386 1147 abducere
434 1102 708 1155 Meleagrum
754 1103 962 1144 Perdicca
1006 1117 1029 1143 a
1073 1118 1172 1159 rege
1215 1103 1445 1158 cupiebat,
1489 1109 1532 1143 et

166 1192 307 1218 unum
344 1173 516 1215 duobus
555 1172 774 1228 imparem
813 1172 1014 1213 futurum
1058 1190 1146 1215 esse
1175 1175 1394 1215 censebat.
1457 1174 1598 1230 [gi-2³

166 1257 241 1291 tur
270 1247 491 1301 Meleagro
525 1259 626 1284 cum
656 1243 873 1299 phalange
904 1244 1081 1284 obviam
1120 1262 1302 1299 egresso,
1361 1246 1534 1287 l'erdic<

170 1337 221 1364 ca
260 1319 458 1376 equitum
498 1323 666 1356 turmas
707 1315 970 1356 antecedens
1008 1317 1216 1357 occurrit.
1285 1318 1532 1374 Utrumque

170 1408 341 1450 agmen,
371 1396 523 1430 mutua
554 1387 814 1429 salutatione
845 1387 978 1436 facta,
1016 1388 1119 1435 coit,
1160 1387 1204 1428 in
1257 1396 1536 1445 perpetuum,

169 1473 220 1506 ut
249 1462 589 1509 arbitrabantur,
620 1459 857 1502 concordia
887 1467 929 1501 et
957 1476 1065 1517 pace
1084 1459 1269 1500 firmata.

258 1536 346 1578 Sed
391 1536 478 1576 iam
518 1533 615 1574 fatis
672 1532 1022 1574 admovebantur
1071 1533 1373 1574 Macedonum
1411 1534 1594 1591 gentilx.

170 1610 282 1653 bella
320 1608 472 1651 civilia.
541 1607 659 1648 Nam
695 1612 739 1647 et
776 1605 1027 1646 insociabile
1067 1613 1131 1647 est
1177 1597 1382 1662 regnum,
1434 1614 1477 1647 et
1515 1622 1538 1648 a

171 1682 369 1740 pluribus
407 1679 701 1735 expetebatur.
765 1677 965 1718 Primum
1003 1693 1104 1733 ergo
1159 1678 1370 1733 collegere
1417 1679 1540 1730 vires,
1571 1694 1591 1716 2

176 1754 333 1796 deinde
372 1753 690 1808 disperserunt:
726 1757 769 1791 et
808 1766 911 1791 cum
951 1749 1150 1806 pluribus
1192 1765 1366 1806 corpus,
1405 1767 1540 1807 quam

177 1826 389 1883 capiebat,
427 1829 705 1873 onerassent,
745 1829 888 1863 cetera
925 1822 1127 1862 membra
1165 1821 1350 1862 deficere
1388 1839 1542 1879 coepe-

175 1906 298 1941 runt:
326 1897 533 1954 quodque
562 1895 797 1950 imperium
826 1894 906 1935 sub
928 1910 1016 1935 uno
1046 1902 1159 1935 stare
1189 1894 1414 1950 potuisset,
1435 1895 1541 1937 dum

179 1987 202 2014 a
236 1971 433 2028 pluribus
467 1969 716 2016 sustinetur,
755 1967 857 2011 ruit.
935 1967 1126 2008 Proinde
1162 1967 1255 2008 iure
1295 1968 1542 2026 meritoque
1574 1979 1594 2007 3

175 2044 365 2101 populus
412 2044 641 2083 Romanus
687 2041 874 2082 salutem
923 2055 967 2081 se
1013 2039 1201 2096 principi
1250 2055 1328 2080 suo
1381 2041 1541 2082 debere

177 2116 426 2175 profitetur,
456 2115 560 2171 qui¹
598 2114 753 2163 noctis,
784 2128 916 2171 quam
943 2127 1082 2167 paene
1112 2127 1364 2168 supremam
1392 2112 1544 2154 habui-

179 2206 291 2239 mus,
331 2202 499 2230 novum
531 2185 647 2227 sidus
680 2185 826 2226 illuxit.
898 2185 1033 2225 Huius
1073 2185 1273 2234 hercule,
1315 2200 1406 2225 non
1443 2184 1542 2225 solis
1572 2197 1596 2223 4

181 2271 318 2309 ortus,
360 2261 503 2301 lucem
545 2257 746 2314 caliganti
780 2258 974 2299 reddidit
1001 2258 1185 2304 mundo,
1218 2273 1320 2299 cum
1347 2257 1435 2297 sine
1464 2271 1543 2297 suo

182 2335 325 2391 capite
364 2331 583 2373 discordia
614 2331 816 2371 membra
847 2330 1129 2387 trepidarent.
1189 2330 1312 2384 Quot
1342 2329 1409 2369 ille
1448 2337 1545 2369 tum
1580 2343 1597 2370 s

184 2406 362 2448 extinxit
393 2404 530 2445 faces!
567 2410 677 2458 quot
725 2403 925 2444 condidit
961 2403 1148 2459 gladios!
1199 2409 1409 2458 quantam
1440 2409 1550 2442 tem-

177 2486 401 2539 pestatem
444 2475 587 2518 subita
624 2475 858 2518 serenitate
897 2474 1116 2519 discussit!
1166 2474 1270 2518 Non
1303 2488 1404 2532 ergo
1443 2474 1552 2515 revi—

188 2622 206 2649 1
235 2624 312 2657 cui.
