1703 2961
271 153 356 186 xv¹
714 136 1186 187 PRAEFATIO.

267 260 630 321 praestantiam
644 257 971 306 Leidensium
999 258 1256 317 librorum,
1276 276 1451 308 verum
1483 279 1549 309 ne
1583 265 1624 311 is

268 324 474 385 quidem
506 337 698 370 rectam
732 325 884 371 inisse
916 327 1049 372 viam
1080 325 1291 373 videtur.
1346 329 1477 374 Nam
1511 343 1627 375 cum

264 389 394 435 nihil
429 389 566 436 aliud
598 392 650 436 in
681 389 780 435 hac
813 405 867 435 re
903 401 954 437 et
995 393 1123 454 exigi
1171 403 1221 437 et
1251 394 1496 452 praestari
1542 393 1626 439 de—

263 453 396 512 beat,
426 456 524 500 nisi
554 466 610 500 ut
642 453 804 500 editor
836 470 966 515 quae
1002 457 1310 531 exemplaria
1347 470 1519 503 vetera
1551 474 1626 504 ra-

264 521 405 565 tione
443 534 641 580 usuque
679 518 846 581 proba
892 522 1161 580 invenerit,
1230 537 1289 568 ea
1334 534 1626 569 constanter

261 596 516 645 sequatur,
547 599 646 630 nec
686 583 749 631 ab
785 586 844 631 iis
885 584 1125 644 discedat,
1167 587 1265 632 nisi
1307 586 1394 632 ubi
1445 586 1624 633 eadem

257 652 387 696 ratio
423 648 670 696 mendosa
703 664 812 695 esse
846 652 1063 709 evicerit,
1098 650 1470 710 Schmiederus,
1504 668 1622 699 cum

254 715 537 778 vulgarium
575 714 822 761 librorum
874 715 1233 763 condicionem
1273 732 1458 779 parum
1505 734 1622 778 per-

252 782 529 841 spexisset,
595 791 866 827 contentus
908 779 1005 827 fuit
1035 781 1121 828 hic
1154 782 1286 840 illic,
1342 796 1442 828 nec
1468 784 1619 829 nimis

251 861 370 891 raro
412 861 511 891 nec
552 847 670 891 satis
714 844 1022 907 frequenter,
1065 861 1195 907 quae
1240 847 1339 908 ipsi
1382 846 1621 895 videban-

251 922 333 956 tur
358 911 596 957 meliores
629 910 879 958 lectiones
907 913 1182 973 recepisse,
1215 926 1369 973 saepe
1402 927 1618 974 compu-

248 977 442 1023 tatione
487 975 724 1022 codicum
761 978 898 1034 inita,
956 992 1059 1038 quo
1111 977 1241 1022 nihil
1283 988 1458 1038 potest
1506 994 1618 1024 esse

245 1043 404 1104 magis
449 1058 477 1087 a
519 1043 728 1088 veritate
775 1042 1012 1088 alienum.
1079 1043 1266 1089 Verum
1309 1042 1440 1088 haec
1486 1044 1616 1088 ratio

243 1119 473 1153 veterum
535 1109 844 1168 scriptorum
905 1106 1408 1168 interpolandorum,
1475 1105 1614 1167 (nam

242 1170 347 1218 hoc
383 1185 459 1218 est
487 1172 817 1234 interpolare,
853 1172 1060 1219 diversis
1107 1170 1481 1218 confundendis
1518 1189 1611 1218 no-

241 1252 362 1283 vum
399 1238 592 1298 aliquid
642 1235 868 1298 efficere)
915 1253 1068 1299 quam
1109 1239 1332 1298 imperiti
1373 1238 1611 1283 emenda-

241 1304 436 1349 tionem
467 1315 668 1361 vocant,
706 1304 858 1349 etiam
890 1318 1030 1350 nunc
1059 1304 1111 1348 in
1129 1303 1390 1364 plerisque
1427 1305 1608 1349 veteris

240 1368 518 1430 elegantiae
551 1370 898 1414 monumentis
937 1370 1009 1414 sic
1044 1367 1255 1425 obtinet,
1291 1380 1347 1412 ut
1381 1367 1608 1414 Schmie-

237 1431 360 1478 dero
395 1432 546 1479 facile
590 1435 839 1497 ignoscas,
889 1435 971 1479 cui
1019 1449 1136 1479 cum
1178 1433 1421 1478 historica
1454 1434 1608 1479 inter«-

231 1500 455 1559 pretatio
489 1500 764 1560 proposita
798 1511 944 1556 esset,
982 1497 1280 1544 recensendi
1315 1497 1418 1543 hoc
1450 1513 1606 1560 negon

231 1565 360 1609 tium
392 1565 561 1609 minus
598 1578 750 1609 curae
779 1563 889 1608 suit.
934 1564 1182 1624 Alioquin
1215 1561 1479 1608 fatendum
1515 1575 1603 1622 est,

230 1640 440 1689 textum,
490 1630 577 1691 qui
627 1627 824 1686 dicitur,
875 1629 1034 1674 Curtii
1088 1629 1142 1673 in
1189 1626 1605 1674 Schmiederiana

232 1693 457 1740 editione
523 1694 684 1740 multo
753 1694 1081 1755 integriorem
1149 1708 1275 1748 esse,
1335 1708 1490 1754 quam
1549 1695 1604 1739 in

226 1759 658 1836 Freinshemiana,
694 1773 1006 1821 quamquam
1037 1759 1204 1804 minus
1237 1757 1329 1803 sibi
1365 1769 1603 1805 constan-

225 1835 330 1870 tem
364 1841 519 1886 quam
553 1826 606 1870 in
638 1824 897 1871 Modiana.

356 1891 534 1951 ltaque
580 1905 673 1952 ego
716 1904 938 1951 quoque,
982 1905 1099 1935 cum
1137 1900 1254 1934 ante
1296 1885 1392 1934 hos
1434 1882 1594 1935 ferme

222 1952 498 2001 duodecim
569 1971 731 2000 annos
789 1956 1021 2001 Curtium
1074 1955 1332 2015 explicare
1383 1955 1592 2015 optimis

219 2019 616 2067 adolescentulis
654 2022 708 2066 in
752 2019 929 2066 schola
961 2019 1324 2077 Fridericiana,
1373 2034 1505 2080 quae
1540 2021 1593 2065 in

215 2084 317 2132 hac
358 2086 483 2132 urbe
527 2097 626 2144 est,
676 2086 990 2147 coepissem,
1036 2083 1449 2131 Schmiederiana
1491 2084 1590 2130 edi-

216 2152 358 2198 tione
393 2150 585 2209 utebar,
621 2150 710 2197 sed
746 2167 864 2197 cum
898 2152 1182 2197 accuratius
1211 2146 1419 2225 privatis
1443 2152 1589 2211 quasi

216 2215 391 2263 studiis
426 2216 594 2263 sontes
630 2217 847 2279 vulgaris
887 2218 1170 2278 scripturae
1218 2217 1585 2277 investigarem,

216 2297 379 2343 eaque
414 2298 546 2344 quae
580 2282 735 2328 modo
773 2283 988 2342 exposui
1035 2282 1354 2336 invenissem,
1400 2280 1586 2326 intelli-

211 2346 395 2409 gebam
440 2348 570 2393 bene
605 2363 686 2393 me
723 2346 785 2393 de
819 2348 997 2393 litteris
1036 2348 1228 2392 Latinis
1267 2346 1581 2401 meriturum,

213 2415 253 2458 si
297 2410 473 2459 relicta
518 2413 709 2475 vulgari
751 2414 831 2459 via
871 2413 1302 2474 elegantissimum
1345 2426 1476 2471 opus
1520 2382 1583 2456 ad

213 2477 418 2524 codices
453 2478 761 2525 Leidensem
799 2490 848 2524 et
883 2478 1190 2525 Vossianum
1229 2479 1262 2533 I,
1307 2478 1580 2537 assumptis

209 2545 264 2588 in
302 2545 546 2589 auxilium
587 2545 767 2590 ceteris
808 2542 1035 2589 eiusdem
1080 2542 1302 2588 familiae
1344 2541 1484 2587 libris
1532 2552 1582 2586 et

212 2607 438 2655 editione
460 2608 720 2667 Modiana,
759 2611 1050 2672 exegissem.
1086 2609 1442 2718 Veruntamer}=
1459 2622 1580 2652 con-

1435 2687 1579 2717 irma-
