1703 2961
198 86 281 130 DE
312 78 521 128 GESTIS
551 75 719 120 ALEX.
751 68 891 112 ARG.
917 64 1075 109 LIBRI
1105 60 1201 104 VII.
1317 54 1397 98 199

37 212 115 240 met
137 200 293 238 dedunt.
347 196 431 229 Rex
463 189 602 226 lectica
633 186 751 220 fertur
776 195 798 216 a
819 179 1005 215 militibus
1028 176 1075 210 de
1103 170 1268 208 muneris
1292 168 1395 203 illius

36 265 237 302 functione
263 255 508 293 certantibus.
567 248 648 296 (26)
676 242 910 280 Maracanda
935 239 1057 274 venit:
1109 237 1252 281 legatos
1280 230 1397 266 Abio-

36 340 119 363 rum
155 320 383 367 Scytharum
424 314 543 355 audit,
578 308 765 346 Penidam
798 305 846 340 ad
880 302 975 337 alios
1004 298 1163 343 Scythas
1192 302 1294 328 trans
1320 291 1395 325 Ta-

38 389 142 424 naim
169 385 340 418 colentes
374 378 503 417 mittit,
534 384 581 407 ne
609 381 761 406 amnem
785 369 896 401 illum
920 367 1113 396 transeant
1148 355 1394 390 interdicens.

41 452 176 485 Cetera
204 443 367 478 consilia
390 439 544 474 differre
569 434 671 479 cogit
695 429 979 476 Sogdianorum
1004 420 1183 456 desectio,
1209 416 1257 450 ad
1283 424 1399 460 quam

43 507 296 547 coercendam
322 503 561 550 Spitamenes
587 499 784 533 evocatus,
819 487 923 536 quod
951 485 1024 519 sibi
1049 485 1252 520 metueret,
1284 476 1400 510 etiam

42 569 267 606 Bactrianos
301 564 446 610 equites
479 559 528 593 ad
558 555 812 592 rebellionem
842 548 1024 585 concitat.
1077 542 1159 589 (27)
1184 541 1316 584 Itaque
1336 546 1402 569 rex

43 631 171 668 divisis
201 627 322 674 copiis
355 621 583 670 Cyropolim
610 625 644 651 et
672 616 806 649 urbem
833 613 1147 646 Memacenorum
1171 604 1404 647 expugnatas

45 693 184 733 diruit,
217 690 294 735 (28)
328 683 600 721 Menedemum
635 674 869 712 Maracanda
900 669 1032 710 mittit,
1072 673 1114 700 ut
1144 664 1406 710 Spitamenem

46 756 138 792 inde
166 752 382 799 expelleret,
406 748 486 793 ipse
515 743 564 776 ad
587 739 753 774 Tanaim
779 731 1048 770 Alexandriam
1076 726 1234 768 urbem,
1265 732 1408 771 propu-

48 816 255 864 gnaculum
281 812 457 846 adversus
493 803 652 850 Scythas
679 797 903 833 brevissimo
930 800 1101 838 tempore
1127 787 1273 822 condit.
1323 782 1409 830 (29)

51 878 164 926 Quod
190 885 298 921 aegre
332 872 458 906 ferens
492 878 558 901 rex
582 862 809 908 Scytharum
834 859 947 904 (quos
968 852 1075 899 salso
1100 854 1328 894 Europaeos
1352 856 1413 878 νο-

51 950 114 976 cac
145 947 299 979 auctor,
325 933 472 979 duplici
497 928 639 968 Tanai,
670 934 833 970 quorum
858 918 964 953 alter·
977 912 1087 949 hodie
1110 912 1218 952 Don,
1238 907 1344 941 alter
1356 904 1415 938 Si-

10 999 14 1004 ’
53 1003 131 1036 hun
159 1007 335 1039 vocatur,
377 996 476 1027 sicut
509 991 583 1035 ipsi
618 985 776 1026 Graeci,
813 973 1212 1027 deceptus)e‹1uitum
1240 975 1417 1013 magnam

59 1072 217 1096 manum
252 1058 299 1091 ad
333 1067 415 1090 eam
451 1048 694 1086 evertendam
719 1044 847 1080 mittit,
873 1039 1029 1075 dolente
1058 1031 1287 1072 Alexandro,
1314 1023 1420 1073 quod

55 1121 278 1160 valetudine
303 1107 509 1163 impeditus
533 1120 660 1156 neque
685 1107 874 1146 oratione,
898 1110 1027 1145 neque
1056 1094 1231 1139 exemplo
1251 1101 1320 1124 suo
1340 1088 1421 1120 Ma-

61 1185 227 1221 cedones
270 1179 317 1213 ad
351 1187 521 1224 pugnam
562 1172 710 1207 fortiter
750 1161 1043 1212 ingrediendam
1085 1157 1250 1191 excitare
1279 1154 1421 1198 posset.

63 1249 146 1295 (30)
186 1246 318 1288 ltaque
363 1238 495 1273 amicis
533 1235 701 1282 primum
741 1230 784 1263 in
819 1224 1026 1260 consilium
1051 1216 1244 1253 advocatis
1271 1221 1427 1260 persua-

65 1302 154 1344 dere
178 1304 315 1345 studet,
354 1306 592 1346 quantopere
627 1293 739 1327 rebus
769 1289 845 1323 suis
872 1284 1051 1332 expediat
1075 1279 1241 1314 Tanaim
1266 1273 1429 1309 transire

68 1369 373 1415 Scytharumque
420 1358 667 1394 insolentiam
708 1353 896 1396 frangere.
978 1345 1072 1391 (31)
1116 1341 1193 1375 Sed
1238 1350 1322 1373 eam
1352 1345 1432 1368 rem

71 1441 203 1466 omnes
231 1419 645 1466 dissuadent,Erigyius
666 1416 780 1449 etiam
801 1412 898 1445 male
920 1409 1072 1442 litatum
1100 1414 1179 1437 esse
1205 1401 1432 1435 admonens.

70 1496 131 1528 Ira
157 1493 370 1525 commotus
402 1495 469 1517 rex
503 1478 767 1516 Aristandrum
800 1481 927 1507 vatem
959 1470 1145 1512 increpat,
1179 1474 1249 1496 nec
1277 1461 1324 1494 de
1351 1470 1435 1493 sen-

73 1554 194 1588 tentia
219 1547 382 1584 decedit.
422 1544 505 1590 (32)
547 1540 702 1575 Interim
718 1537 970 1583 Spitamenes,
1005 1526 1203 1572 assumptis
1239 1522 1440 1557 Daharum

79 1614 243 1654 auxiliis,
254 1607 526 1645 Menedemum
543 1615 630 1637 cum
648 1601 726 1634 eius
739 1609 854 1631 manu
867 1595 1167 1629 circumvenerat
1180 1594 1216 1620 et
1225 1584 1373 1618 sortiter
1385 1581 1442 1615 di-

80 1678 288 1711 micantem
313 1682 399 1704 cum
423 1668 567 1700 maiore
591 1670 699 1711 parte
728 1659 895 1692 militum
920 1653 1125 1689 occiderat.
1173 1647 1250 1683 Sed
1268 1657 1353 1680 eam
1368 1644 1444 1677 cla-

82 1739 169 1773 dem
191 1735 365 1769 sollerter
394 1728 487 1773 tegit
509 1723 737 1765 Alexander,
766 1720 848 1766 (33)
867 1730 940 1752 nec
966 1728 1011 1750 eo
1035 1713 1157 1748 secius
1185 1719 1281 1756 quae
1307 1706 1356 1740 ad
1371 1704 1447 1738 Ta-

81 1800 186 1835 naim
210 1790 488 1830 transeundum
513 1785 725 1820 necessaria
747 1783 915 1824 fuerunt,
947 1781 1153 1823 comparat,
1176 1779 1258 1804 tum
1281 1769 1451 1815 primum.

83 1867 170 1909 post
191 1858 327 1892 vulnus
364 1852 467 1899 apud
496 1851 742 1883 Memacenos
778 1849 978 1889 acceptum
1004 1839 1046 1873 in
1073 1840 1324 1880 conspectum
1349 1828 1452 1863 mili-

85 1931 166 1958 tum
204 1917 403 1966 prodiens.
452 1911 584 1956 Legati
619 1908 847 1953 Scytharum
881 1906 922 1938 in
961 1908 1081 1936 castra
1105 1896 1279 1938 veniunt,
1310 1890 1390 1938 (34)
1416 1897 1456 1924 et

91 1984 264 2020 oratione
304 1977 439 2012 habita
472 1974 568 2019 regis
607 1971 827 2005 aviditatem
850 1964 1086 2013 pauperibus
1115 1969 1236 2004 aeque
1260 1969 1305 1991 ac
1331 1952 1457 1988 diviti-

91 2049 162 2081 bus
202 2041 376 2089 gentibus
418 2033 638 2082 imperandi
684 2028 987 2076 reprehendunt,
1020 2025 1106 2069 (35)
1138 2019 1302 2067 periculi
1333 2014 1460 2050 immi·

95 2106 221 2142 nentis
247 2103 468 2140 admonent,
503 2108 610 2132 suam
645 2093 853 2127 amicitiam
887 2088 1018 2134 aequis
1048 2081 1340 2119 conditionibus
1366 2075 1462 2111 offe-

97 2175 196 2203 runt.
263 2164 345 2210 (36)
383 2162 531 2208 Quibus
567 2156 732 2191 dimissis
764 2150 979 2187 Alexander
1014 2146 1222 2181 exercitum
1253 2148 1465 2185 sanequatn

99 2231 221 2278 perite
246 2227 391 2260 flumen
415 2221 573 2264 traiicit,
607 2218 690 2264 (37)
727 2214 887 2261 Scythas
914 2213 1018 2246 facto
1045 2211 1193 2255 impetu
1219 2200 1406 2251 Propellit
1429 2203 1468 2232 et

102 2294 216 2336 longe
240 2287 492 2335 persequitur.

152 2353 232 2398 (58)
271 2352 357 2396 Qua
387 2345 549 2381 victoria
570 2341 823 2376 barbarorum
848 2334 967 2369 animi
990 2332 1115 2373 fracti,
1138 2328 1235 2375 regis
1265 2319 1473 2359 clementia

96 2412 375 2448 conciliantur.
432 2408 527 2442 Inde
568 2400 802 2438 Maracanda
841 2407 1010 2432 reversus
1053 2392 1213 2428 rebelles
1258 2384 1473 2431 Sogdianos

115 2475 220 2509 omni
248 2473 356 2507 clade
379 2470 590 2506 ulciscitur,
630 2465 713 2511 (39)
750 2470 878 2506 neque
903 2466 1033 2492 tamen
1057 2465 1138 2487 non
1165 2451 1279 2484 etiam
1306 2448 1474 2481 clemen-

114 2538 187 2570 tiae
217 2534 362 2580 aliquid
397 2531 545 2569 tribuit,
580 2526 743 2562 cuiusvis
769 2521 915 2558 virtutis
942 2520 985 2551 in
1009 2518 1119 2549 hoste
1145 2512 1365 2546 admirator.
1393 2503 1478 2551 (40)

115 2599 270 2633 Relicto
294 2594 486 2642 praesidio
510 2593 650 2628 Bactra
674 2586 783 2624 redit,
815 2582 1046 2629 (incipiente
1062 2578 1190 2617 hieme
1216 2574 1312 2608 anni
1334 2583 1361 2604 a
1385 2567 1478 2604 Chr.

484 2704 503 2723 x
