1703 2961
1700 0 1703 34 l

1701 69 1703 108 Ι

286 141 370 180 220
735 133 792 190 Q.
826 133 1032 178 CURTu
1061 135 1202 179 Rom
1700 115 1703 196 ᾖ

285 259 459 295 mature
489 249 590 292 cibo
631 263 682 291 ac
714 246 898 305 potione
930 247 1142 298 firmatos,
1166 248 1348 307 implere
1378 250 1486 294 alios
1511 258 1642 304 utres,
1700 264 1703 327 1

288 324 393 365 alios
426 336 540 370 vasa,
581 321 915 378 quibuscunque
947 336 1058 378 aqua
1096 322 1264 378 portari
1294 327 1474 378 posset,¹
1510 324 1651 375 iussits
1700 351 1703 389 Ι

288 411 338 438 ac
369 394 454 436 suis
492 408 625 451 opem
656 392 785 436 ferre.
851 393 937 435 Sed
978 394 1049 450 qui
1088 393 1452 451 intemperantius
1488 392 1703 465 hause-rs}

285 473 399 517 rant,
429 466 665 507 intercluso
697 464 851 522 spiritu
887 466 1064 506 extincti
1096 474 1215 508 sunt:
1245 467 1473 523 multoque
1501 469 1644 509 maior

283 538 448 581 horum
471 553 681 579 numerus
710 537 805 586 suit,
836 552 967 594 quam
997 538 1084 578 ullo
1116 538 1319 579 amiserat
1347 538 1528 594 proelio.
1585 541 1645 581 At
1661 558 1696 583 κ

282 611 353 652 ille
394 611 627 652 thoracem
667 608 812 651 adhuc
851 609 1049 660 indutus,
1091 626 1172 653 nec
1212 618 1287 652 aut
1326 611 1424 652 cibo
1457 611 1645 654 resectus

283 690 361 724 aut
394 690 526 740 potu,
567 697 651 738 qua
690 682 893 723 veniebat
937 682 1160 733 exercitus,
1191 683 1406 725 constitit:
1433 699 1513 726 nec
1542 691 1642 725 ante

281 756 337 798 ad
351 755 595 798 curandum
611 769 769 811 corpus
781 754 971 801 recessit,
986 770 1118 811 quam
1131 756 1415 809 praeterierat
1438 758 1638 812 agmen:²

278 835 511 884 totamque
541 842 639 868 eam
680 834 862 868 noctem
902 842 1004 868 cum
1036 842 1196 884 magno
1227 828 1362 869 animi
1392 835 1519 868 motu
1544 843 1643 885 per·
1686 836 1689 842 “

279 900 422 957 petuis
451 899 602 955 vigiliis
633 898 732 955 egit.
789 899 883 941 Nee
913 906 1090 955 postero
1123 900 1192 940 die
1223 899 1376 940 laetior
1405 908 1510 947 erat,
1540 900 1640 956 quia
1658 918 1693 946 ις

277 987 362 1015 nec
399 971 567 1028 navigia
609 971 815 1021 habebat,
856 987 936 1012 nec
976 986 1088 1027 pons
1119 971 1219 1028 erigi
1252 979 1438 1028 poterat,
1472 972 1641 1014 circum

278 1060 458 1086 amnem
495 1044 616 1085 nudo
652 1043 758 1094 solo,
786 1051 830 1084 et
860 1043 1040 1084 materia
1072 1044 1259 1084 maxime
1291 1043 1432 1092 sterili.
1487 1043 1642 1090 Consi-

275 1117 385 1158 lium
425 1117 566 1173 ἰδίων,
615 1116 735 1172 quod
775 1131 914 1156 unum
952 1116 1185 1157 necessitas
1225 1116 1493 1164 subiecerat,
1545 1117 1640 1159 init.

273 1189 406 1230 Utres
446 1188 796 1244 quamplurimos
834 1188 1084 1229 stramentis
1121 1188 1302 1229 refertos
1333 1188 1498 1232 dividit.
1558 1190 1690 1232 Hisre

277 1260 536 1303 incubantes
568 1268 851 1301 transnavere
889 1276 1091 1300 amnem:
1128 1260 1288 1316 quique
1328 1260 1457 1314 primi
1489 1261 1641 1302 transi-

273 1340 399 1375 erant
439 1332 484 1373 in
520 1332 709 1373 statione
741 1339 880 1381 erant,
915 1331 1022 1372 dum
1054 1331 1310 1373 traiicerent
1337 1332 1483 1373 ceteri.
1540 1334 1639 1376 Hoc

273 1406 412 1448 modo
451 1410 572 1446 sexto
602 1404 784 1445 demum
812 1403 880 1445 die
910 1402 954 1444 in
986 1403 1193 1445 ulteriore
1224 1403 1319 1460 ripa
1346 1410 1493 1445 toturn
1525 1419 1642 1446 exer-

273 1479 413 1521 citum
440 1475 650 1532 exposuit.

210 1558 265 1597 22
356 1548 544 1606 Iamque
587 1547 643 1588 ad
684 1548 1039 1604 persequendum
1077 1550 1258 1591 Bessum
1300 1554 1511 1590 statuerat
1539 1562 1688 1604 pro-13

272 1623 407 1681 gredi,
451 1636 553 1663 cum
594 1634 658 1667 ea,
702 1635 824 1676 quae⁸
852 1621 895 1661 in
923 1620 1190 1678 Sogdianis³
1226 1627 1361 1668 erant,
1396 1621 1634 1677 cognoscit.

274 1696 551 1753 Spitamenes
577 1699 672 1733 erat
700 1692 817 1733 inter
846 1707 1000 1734 omnes
1032 1693 1199 1734 amicos
1227 1692 1467 1748 praecipuo
1494 1692 1637 1734 hono-

270 1783 322 1810 re>
362 1766 502 1809 cultus
544 1779 568 1804 a
606 1765 755 1806 Besso.
812 1765 900 1806 Sed
937 1764 1064 1805 nullis
1104 1764 1270 1805 meritis
1309 1763 1490 1820 perfidia
1522 1765 1636 1806 miti-

269 1838 359 1897 gaii
389 1843 554 1895 potest:
591 1851 702 1893 quae
739 1844 891 1877 tamen
930 1836 1075 1877 minus
1118 1837 1163 1878 in
1194 1852 1246 1878 eo
1276 1836 1410 1877 invisa
1440 1852 1530 1878 esse
1560 1852 1637 1894 po-
1651 1855 1686 1879 2‹

267 1918 396 1962 terat,
435 1909 535 1967 quia
574 1908 682 1949 nihil
716 1908 788 1950 ulli
827 1908 1047 1950 nefastum
1085 1909 1129 1950 in
1158 1910 1355 1959 Bessum,
1385 1907 1636 1951 interfecto-

268 2000 366 2026 rem
394 1982 505 2039 regis
533 1981 609 2030 sui,
641 1980 882 2022 videbatur.
951 1981 1122 2023 Titulus
1157 1980 1378 2022 facinori4
1410 1981 1633 2038 speciosus

269 2055 612 2113 praeferebatur,
641 2052 832 2094 vindicta
861 2053 1019 2094 Darei:
1046 2053 1121 2095 sed
1150 2052 1392 2101 fortunam,
1422 2067 1514 2094 non
1544 2067 1634 2096 see-

268 2130 335 2172 lus
365 2128 550 2170 oderat⁵
583 2124 716 2167 Bessi.
774 2125 1014 2182 Namque‘5
1054 2133 1104 2166 ut
1134 2125 1432 2166 Alexandrum
1462 2125 1684 2166 Humen21

267 2202 419 2244 Oxum
456 2212 678 2253 superasse
717 2198 936 2253 cognovit,
965 2198 1300 2254 Dataphernem
1332 2204 1374 2238 et
1404 2196 1633 2248 Catenem‚

267 2274 425 2331 quibus
458 2287 480 2312 a
508 2272 641 2311 Besso
662 2269 852 2310 maxima
880 2268 986 2311 fides
1009 2269 1269 2319 habebatur,
1303 2269 1348 2309 in
1374 2269 1634 2311 societatem

266 2345 522 2402 cogitatae⁷
564 2341 628 2384 rei
677 2341 862 2383 asciscit.
922 2341 984 2384 lili
1016 2341 1264 2399 promptius
1293 2341 1468 2392 adeunt,
1499 2357 1633 2398 quam

270 2538 290 2564 1
319 2537 440 2585 possit
463 2535 619 2582 portari.
770 2533 791 2558 2
809 2534 1083 2578 praeterierant
1110 2534 1174 2580 qui
1199 2544 1334 2580 agmen
1358 2534 1629 2580 sequebantur.

360 2591 380 2621 3
411 2589 528 2625 codd.
559 2586 743 2621 Susianis.
805 2589 827 2618 4
851 2588 913 2620 Ex
938 2588 1086 2623 emend.
1115 2587 1211 2633 vulg.
1239 2588 1437 2622 facinoris.
1496 2589 1516 2616 5
1541 2590 1636 2621 item

365 2656 415 2678 ex
437 2641 586 2677 emend.
617 2642 711 2687 vulg.
743 2640 916 2675 oderant.
1119 2640 1140 2666 ⁶
1164 2634 1264 2675 nam.
1465 2640 1484 2674 ἶ
1513 2641 1633 2676 abest.
