1703 2961
143 661 193 707 17

134 2397 186 2439 18

211 88 265 128 58
514 141 516 144 Ι
659 88 715 140 Q.
752 84 960 128 CURTu
985 87 1130 128 RUFI

209 200 304 242 Nec
340 198 424 239 ulla
458 197 590 254 pestis
623 198 761 256 magis
795 198 1055 242 timebatur:
1091 199 1255 256 quippe
1285 199 1361 255 ubi
1389 201 1573 244 loricam
1587 212 1637 241 26

212 285 459 327 corpusque
491 271 660 311 fervens
691 286 821 312 arena
853 279 1172 330 penetraverat,
1205 287 1288 314 nec
1319 272 1405 323 ulla
1435 273 1476 316 vi
1509 289 1575 315 ex-

210 341 298 384 cuti
338 349 523 398 poterat,
563 350 606 384 et
642 343 851 400 quiequid
887 344 1089 400 attigerat
1126 342 1375 399 perurebat,
1416 345 1575 388 iacien-

206 421 358 470 tesque
405 428 540 463 arma,
593 414 794 456 laceratis
841 416 1061 463 omnibus,
1107 414 1202 471 quis
1239 417 1412 472 protegi
1451 424 1576 473 pote-

204 493 318 535 rant,
355 485 606 528 vulneribus
635 486 761 527 inulti
789 487 1022 544 patebant:
1056 487 1173 529 corvi
1200 502 1303 528 vero
1337 495 1381 529 et
1406 488 1575 539 ferreae

197 545 362 599 ¹manus
392 565 618 599 tormento
646 558 851 616 remissae
874 562 890 584 ¹
927 559 1162 616 plerosque
1190 559 1434 616 rapiebant.

289 659 372 700 Hic
411 673 486 699 rex
525 657 972 714 fatigatus'statuerat
997 660 1137 701 soluta
1171 660 1402 702 obsidione
1432 661 1637 718 Aegy-lv.
1681 672 1696 698 λ’

200 739 331 789 ptum
360 737 523 786 petere.
588 731 768 788 Quippe
800 747 904 774 cum
929 732 1079 773 Asiam
1107 732 1271 788 ingenti
1301 722 1569 774 velocitate²

199 802 513 861 percurrisset,
558 802 674 844 circa
720 818 873 845 muros
909 804 1038 844 unius
1076 804 1195 844 urbis
1237 803 1472 856 haerebat,
1505 812 1574 846 tot

199 875 493 917 maximarum
526 889 678 916 rerum
724 875 1057 932 opportunitate
1100 875 1287 916 dimissa.
1357 874 1571 918 Ceterum
1603 892 1623 915 2

199 957 294 991 tam
325 947 546 990 discedere
586 946 773 997 irritum,
805 963 939 1004 quam
964 948 1128 989 morari
1153 948 1371 1004 pudebat;
1405 944 1573 990 famam

201 1036 393 1079 quoque,
425 1034 510 1077 qua
549 1019 675 1075 plura
705 1034 841 1078 quam
873 1020 1004 1061 armis
1033 1027 1261 1071 everterat,
1291 1028 1412 1079 ratus
1442 1020 1575 1061 levio-

198 1108 295 1134 rem
326 1092 435 1142 fore,
463 1091 496 1132 si
528 1092 711 1148 Tyrum,
744 1093 864 1148 quasi
903 1100 1060 1134 testem
1091 1108 1135 1134 se
1164 1108 1291 1149 posse
1322 1093 1453 1141 vinci,
1477 1092 1574 1133 reli-

194 1165 374 1223 quisset.
439 1163 577 1219 Igitur
613 1179 670 1204 ne
709 1164 815 1220 quid
847 1164 1126 1221 inexpertum
1157 1165 1395 1214 omitteret,
1424 1163 1572 1220 plures

197 1251 329 1278 naves
371 1235 597 1277 admoveri
642 1235 777 1286 iubet,
821 1236 1104 1294 delectosque
1150 1237 1343 1278 militum
1384 1235 1570 1292 imponi.

200 1309 260 1350 lit
278 1308 394 1349 forte
423 1307 549 1349 belua
581 1302 1159 1364 inusitataeom‘agnitudinis,
1189 1323 1323 1364 super
1348 1308 1467 1364 ipsos
1495 1307 1574 1347 flu-

196 1388 296 1423 ctus
333 1380 465 1421 dorso
503 1378 714 1430 eminens,
745 1379 801 1421 ad
831 1380 1014 1429 molem,
1049 1397 1183 1438 quam
1213 1380 1485 1422 Macedones
1515 1379 1574 1421 ie-

197 1460 364 1500 eerant,
404 1452 556 1508 ingens
587 1465 746 1507 corpus
776 1452 1002 1507 applicuit,
1036 1453 1407 1509 diverberatisque
1433 1451 1573 1493 flucti-

197 1526 278 1566 bus
306 1524 492 1564 allevans
519 1530 673 1571 semet,
715 1523 940 1581 utrimque
973 1531 1212 1580 conspecta
1242 1531 1326 1566 est:
1354 1523 1516 1566 deinde
1547 1538 1569 1564 a

199 1597 343 1653 capite
380 1595 508 1636 molis
547 1609 696 1635 rursus
733 1593 820 1635 alto
865 1609 909 1636 se
937 1594 1165 1645 immersit,
1196 1611 1246 1637 ac
1275 1592 1414 1637 modo
1441 1610 1574 1651 super

197 1669 338 1710 undas
367 1667 564 1709 eminens
589 1681 747 1722 magna
775 1665 839 1706 sui
869 1674 1010 1723 parte,
1048 1668 1187 1709 modo
1218 1667 1456 1725 superfusis
1490 1667 1570 1709 fiu-

197 1741 342 1782 ctibus
378 1739 568 1788 condita,
608 1737 729 1779 haud
764 1738 922 1794 procul
961 1740 1250 1782 munimentis
1278 1740 1398 1781 urbis
1430 1755 1569 1781 emer-

195 1813 261 1854 sit.
310 1812 519 1868 Utrisque
549 1811 689 1851 laetus
717 1809 803 1850 fuit
831 1810 984 1851 beluae
1015 1819 1234 1868 aspectus:
1295 1802 1568 1854 Macedones

195 1885 278 1926 iter
322 1883 522 1925 iaciendo
572 1882 695 1938 operi
753 1889 1021 1924 monstrasse
1076 1899 1175 1925 eam
1229 1885 1569 1941 augurabantur,

196 1956 320 2014 Tyrii
340 1956 614 2013 Neptunum,
646 1955 852 2012 occupati
873 1955 1006 1997 maris
1025 1955 1259 2006 vindicem,
1291 1956 1532 2014 abripuisse
1548 1958 1566 1985 ³

196 2029 386 2077 beluam,
426 2043 477 2070 ac
517 2027 685 2069 molem
721 2027 842 2070 brevi
878 2028 1083 2084 profecto
1112 2017 1348 2070 ruituramss
1413 2028 1570 2070 'Laeti-

197 2117 282 2158 que
315 2100 464 2142 omine
490 2115 543 2141 eo
573 2100 630 2141 ad
661 2100 810 2157 epulas
837 2100 988 2157 dilapsi
1007 2116 1247 2143 oneravere
1275 2117 1318 2143 se
1339 2101 1456 2151 vino,
1478 2116 1566 2157 quo

196 2188 347 2229 graves
377 2176 477 2215 orto
515 2172 605 2215 sole
640 2173 810 2229 navigia
853 2175 1176 2222 conscendunt,
1216 2173 1418 2215 redimita
1450 2172 1568 2216 flori-

195 2246 279 2286 bus
329 2245 612 2302 coronisque:
637 2248 661 2272 4
713 2245 825 2286 adeo
867 2246 1076 2287 victoriae
1115 2262 1205 2287 non
1247 2260 1380 2287 omen
1414 2243 1565 2294 modo,

197 2318 273 2359 sed
304 2317 437 2359 etiam
468 2317 808 2373 gratulationem
842 2326 1174 2374 praeceperant.

280 2390 416 2432 Forte
454 2404 528 2430 rex
567 2390 748 2432 classem
787 2392 831 2432 in
873 2391 1090 2433 diversam
1127 2398 1302 2449 partem
1339 2389 1407 2446 agi
1436 2390 1566 2430 iusse-

197 2527 218 2551 1
245 2525 444 2559 tormentis
472 2526 643 2560 emissae.
847 2527 869 2554 2
895 2527 1102 2563 celeritate.
1300 2527 1320 2557 3
1348 2526 1563 2573 arripuisse.

288 2580 311 2612 4
337 2579 489 2613 coronis
516 2579 766 2626 floribusque.
944 2576 946 2578 ’
