1703 2961
189 86 272 130 346
653 86 707 142 Q.
733 87 939 130 CURTH
967 89 1108 132 mm

191 214 411 256 equorum
438 212 548 241 esse:
577 198 766 256 singulos
807 202 910 241 eos¹
945 200 999 243 ab
1027 201 1091 250 iis,
1122 202 1195 259 qui
1229 218 1278 244 ex
1308 202 1552 244 continenti

190 271 394 311 traiicere
423 270 649 321 auderent,
691 271 863 326 singulis
893 271 1065 315 talentis
1099 274 1195 314 emi.
1249 273 1433 315 Plenum
1466 289 1617 315 essem

190 342 422 384 beluarum
460 357 603 384 mare:
640 352 758 384 aestu
799 345 993 385 secundo
1036 361 1106 387 eas
1153 344 1256 386 ferri
1294 361 1556 401 magnarum

189 414 369 455 navium
412 429 598 472 corpora
642 423 886 472 aequantes,
925 417 1037 458 truci
1079 426 1208 459 cantu
1239 417 1468 458 deterritas
1495 433 1556 458 se-

191 488 263 545 qui
305 487 500 534 classem,
540 504 641 529 cum
679 503 840 544 magno
880 489 1080 550 aequoris
1118 489 1313 546 strepitu,
1345 489 1463 530 velut
1489 490 1559 530 de-

190 575 333 602 mersa
371 558 553 614 navigia,
597 559 758 601 subisse
790 576 935 617 aquas.
994 559 1149 603 Cetera
1178 561 1332 603 incolis
1364 562 1620 603 credide-13

190 640 303 676 rant.
340 632 455 672 inter
490 646 615 687 quae,
654 631 856 672 Rubrum
896 648 1018 674 mare
1052 648 1142 673 non
1179 648 1201 673 a
1247 633 1395 675 colore
1426 633 1560 673 unda—

190 720 305 752 rum,
336 711 386 744 ut
410 702 607 760 plerique
639 704 881 755 crederent,
914 705 988 746 sed
1023 704 1076 745 ab
1110 705 1337 758 Erythro²
1371 719 1469 761 rege
1489 720 1560 760 ap-

191 776 362 835 pellari:
395 790 483 816 esse
512 774 631 816 haud
663 776 819 832 procul
858 791 879 817 a
913 776 1156 818 continenti
1189 777 1377 817 insulam
1405 775 1560 832 palmis
1576 794 1622 819 14

191 848 496 906 frequentibus
534 847 764 899 consitam,
803 856 846 890 et
885 849 928 890 in
966 849 1114 890 medio
1154 849 1244 890 fere
1273 863 1457 889 nemore
1490 863 1562 889 co-

193 923 395 964 lumnam
425 918 644 969 eminere,
697 919 878 978 Erythri
918 921 1028 962 renis
1064 927 1422 971 monumentum,
1450 919 1563 960 litte-

968 953 993 978 τ)

193 997 251 1037 ris
285 992 424 1051 gentis
462 990 554 1032 eius
593 992 817 1049 scriptam.
892 993 1186 1042 Adiiciebant,
1226 993 1409 1042 mavinia,
1451 1007 1627 1049 quae1s

1329 1025 1353 1050 ο

192 1068 293 1111 llxas
323 1070 681 1120 mercatoresque
713 1065 937 1114 vexissent,
968 1064 1136 1106 famam
1170 1065 1263 1107 auri
1298 1064 1458 1106 secutis
1491 1079 1565 1120 gu-

193 1137 517 1186 bernatoribus,
558 1136 602 1176 in
635 1136 821 1177 insulam
867 1152 955 1178 esse
994 1137 1258 1187 transmissa,
1291 1152 1374 1179 nec
1406 1136 1564 1178 deinde

195 1213 249 1253 ab
279 1211 346 1252 his
374 1216 524 1265 postea
562 1208 662 1252 visa.
730 1209 835 1258 Rex,
873 1208 1166 1264 cognoscendi
1198 1209 1321 1264 plura
1356 1209 1562 1265 cupidine
1579 1220 1629 1249 16

195 1296 418 1328 aecensus,
461 1295 609 1321 rursus
652 1296 725 1322 eos
770 1288 935 1320 terram
973 1280 1115 1336 legere
1159 1279 1292 1330 iubet,
1336 1281 1477 1322 donec
1511 1281 1565 1322 ad

193 1352 435 1411 Euphratis
488 1352 627 1393 ostia³
676 1352 947 1409 appellerent
995 1351 1196 1401 classem;
1241 1352 1343 1394 inde
1383 1352 1564 1394 adverso

195 1442 328 1471 amne
357 1423 621 1482 Babylona⁴
657 1425 892 1466 subituros.

282 1502 379 1556 Ipse
412 1496 561 1539 animo
602 1496 771 1537 infinita
806 1495 1059 1552 complexus
1087 1501 1317 1544 statuerat,
1360 1495 1482 1536 omni
1510 1495 1626 1541 ad17

197 1573 433 1616 Orientem
471 1568 695 1609 maritima
733 1568 914 1622 regione
953 1567 1219 1623 perdomita,
1261 1583 1310 1608 ex
1340 1567 1464 1624 Syria
1494 1583 1567 1624 pe-

196 1653 290 1687 tere
316 1642 528 1691 Africam,
569 1640 826 1696 Carthagini
857 1639 1069 1681 infensus:
1107 1639 1208 1680 inde
1237 1640 1473 1681 Numidiae
1503 1655 1570 1681 so-

196 1715 455 1760 litudinibus
503 1712 764 1770 peragratis,
820 1726 999 1753 cursum
1045 1710 1178 1753 Gadis
1226 1711 1421 1768 dirigere.
1498 1710 1566 1752 Ibi

198 1802 393 1844 namque
437 1784 700 1828 columnas⁵
749 1784 950 1826 Herculis
1002 1798 1092 1824 esse
1140 1783 1259 1824 sama
1309 1783 1568 1838 vulgaverat.

199 1859 432 1918 Hispanias
463 1856 636 1904 deinde,
668 1871 775 1914 quas
803 1856 995 1896 Iberiam
1021 1855 1180 1898 Graeci
1210 1871 1233 1896 a
1265 1855 1448 1895 flumine
1476 1855 1632 1901 Ibe-19

199 1949 251 1975 ro
284 1931 526 1980 vocabant,
568 1929 711 1977 adire,
752 1936 795 1970 et
834 1925 1108 1985 praetervehi
1143 1926 1294 1982 Alpes,
1329 1926 1568 1983 Italiaeque

202 2021 340 2055 oram,
369 2003 486 2045 unde
529 2003 574 2043 in
607 2002 798 2058 Epirum
835 2000 975 2042 brevis
1008 2013 1158 2042 cursus
1189 2006 1263 2040 est.
1313 1999 1449 2055 Igitur
1477 1999 1568 2040 Me·
1588 2021 1633 2051 19

201 2076 475 2134 sopotamiae
516 2074 795 2131 praetoribus
835 2071 1082 2129 imperavit,
1110 2071 1294 2112 materia
1325 2070 1369 2111 in
1401 2071 1571 2112 Libano

200 2157 357 2192 monte
405 2162 552 2197 caesa,
589 2146 857 2203 devectaque
897 2145 952 2185 ad
991 2143 1149 2185 urbem
1191 2141 1341 2200 Syriae
1380 2141 1573 2198 Thapsa-

204 2237 322 2270 cum,
357 2220 737 2278 septingentarum
758 2220 774 2244 ⁶
818 2216 985 2259 carinas
1026 2214 1203 2256 navium
1233 2229 1419 2271 ponere:
1447 2213 1574 2269 septi-

201 2309 346 2337 rernes
387 2308 542 2335 omnes
576 2307 678 2344 esse,
708 2289 953 2347 deducique
985 2287 1330 2342 Babyloniam.⁷
1388 2285 1575 2344 Cyprio-

206 2455 224 2479 1
254 2465 385 2500 equos.
445 2451 465 2477 2
489 2452 675 2496 Erythra,
711 2459 751 2486 ec
781 2459 922 2498 postea
954 2448 1151 2494 Erythrae.
1200 2446 1221 2478 3
1257 2445 1306 2480 ad
1335 2445 1571 2492 Euphraten.

293 2510 316 2538 4
341 2506 597 2551 Babylonem.
828 2505 847 2533 5
886 2503 1122 2538 columnam.
1353 2500 1373 2526 ⁶
1400 2501 1463 2535 De
1488 2512 1574 2550 corz-

296 2555 463 2587 iectura.
504 2550 621 2586 Codd.
646 2551 746 2597 sere
770 2550 970 2596 thapsagas
1010 2557 1046 2583 et
1080 2550 1338 2595 ingentamm.
1368 2546 1494 2592 Vulgo
1519 2557 1576 2579 m-

297 2607 484 2653 gentium.
688 2605 705 2633 7
733 2604 988 2650 Babylonem.
