1703 2961
253 114 335 160 170
710 121 765 177 Q.
791 112 999 165 CURTu-
1023 117 1164 166 RUFI

249 248 360 291 quos
383 224 527 291 'equus
562 235 698 292 regis:
734 234 1038 292 Bucephalam
1077 234 1315 277 vocabant:
1352 251 1483 293 quem
1514 235 1610 278 Ale·
1665 259 1669 265 -
1701 267 1703 279 .

247 305 414 347 xander
454 323 544 349 non
576 308 739 365 eodem
780 323 867 364 quo
892 315 1055 348 ceteras
1084 308 1275 364 pecudes
1306 308 1451 350 animo
1485 309 1610 350 aesti-

246 378 409 420 mabat.
477 366 712 437 Namque¹
757 379 825 421 ille
858 385 941 422 'nec
981 379 1024 420 in
1058 378 1188 420 dorso
1215 378 1401 422 insidere
1426 396 1504 422 suo
1536 396 1609 438 pa-

244 450 436 491 tiebatur
467 452 612 503 alium,
645 460 688 492 et
716 466 875 508 regem,
916 467 1017 494 cum
1048 451 1174 492 vellet
1202 452 1448 501 ascendere,
1481 467 1609 506 spon-

243 531 287 565 te
307 526 326 548 ²
357 539 496 580 genua
538 524 818 565 summittens
853 524 1110 580 excipiebam
1139 522 1488 580 credebaturque
1513 538 1608 565 sen-

243 595 326 637 tire
366 612 496 652 quem
535 596 726 637 veheret.
794 597 963 638 Maiore
1005 612 1119 651 ergo,
1156 610 1289 652 quam
1320 595 1518 643 decebat,
1544 595 1607 636 ira
1622 602 1703 638 195

240 668 368 710 simul
401 684 451 710 ac
483 668 634 710 dolore
677 669 933 718 stimulatus,
976 684 1138 726 equum
1169 668 1365 724 vestigari
1396 667 1531 714 iubet,
1561 675 1606 708 et

238 755 320 796 per
346 740 635 797 interpretem
663 740 952 797 pronuntiari,
977 740 1020 780 ni
1050 739 1352 790 reddidissent,
1378 739 1605 782 neminem

240 827 329 853 esse
361 813 595 854 victurum.
662 814 757 855 Hac
797 813 1129 854 denuntiatione
1171 813 1322 862 territi,
1355 827 1457 854 eum
1491 818 1604 853 cete-

236 883 294 925 ris
327 884 453 926 donis
485 900 648 942 equum
695 885 934 928 adducunt.
990 885 1076 926 Sed
1109 901 1163 926 ne
1194 884 1254 925 sic
1284 884 1462 941 quidem
1492 883 1669 924 miti-20

236 957 524 1014 gatuS.''caedi
551 956 837 1010 silvasjubet,
867 965 1126 1015 aggestaque
1154 957 1292 998 humo
1322 973 1344 998 e
1374 955 1601 997 montibus

234 1031 459 1089 planitiem
495 1029 628 1070 ramis
670 1029 930 1084 impeditam
971 1029 1225 1085 exaggerari.
1292 1030 1384 1070 Iam
1414 1028 1661 1084 aliquan-'21
1694 1040 1698 1090 j

234 1113 331 1147 tum
349 1105 366 1132 3
390 1101 628 1144 altitudinis
649 1116 759 1157 opus
782 1107 988 1150 creverat,
1011 1117 1112 1142 eum
1135 1100 1322 1150 barbari,
1345 1100 1597 1157 desperati4
1694 1098 1696 1104 '

233 1177 472 1234 regionem,
505 1189 638 1231 quam
673 1182 1010 1230 occupaverant,
1043 1189 1170 1230 posse
1201 1174 1390 1223 retineri,
1422 1181 1598 1230 gentem

233 1264 357 1293 suam
390 1246 605 1288 dedidere.
664 1247 768 1295 Rex,
798 1246 1020 1287 obsidibus
1051 1246 1255 1302 acceptis,
1285 1245 1491 1287 Phradati
1524 1260 1600 1301 pa-

231 1336 329 1363 rere
347 1321 362 1347 ⁵
398 1333 472 1361 eos
500 1318 632 1359 iussit.

172 1424 222 1465 18
315 1420 422 1463 Inde
465 1420 618 1478 quinto
656 1418 726 1460 die
762 1417 805 1458 in
844 1417 993 1458 stativa
1026 1417 1270 1459 revertitur.
1328 1418 1596 1459 Artabazum
1611 1428 1659 1452 22
1690 1443 1694 1454 .

233 1494 406 1541 deinde,
440 1493 662 1550 geminato
701 1489 894 1539 honore,
928 1506 1059 1546 quem
1099 1490 1269 1532 Dareus
1301 1490 1518 1532 habuerat
1543 1491 1596 1540 ei,
1690 1476 1691 1485 ἵ

230 1567 417 1609 remittit
447 1565 645 1606 domum.
718 1565 811 1604 lam
848 1562 902 1603 ad
941 1562 1097 1603 urbem
1135 1563 1400 1620 Hyrcaniae,
1432 1562 1477 1603 in
1509 1578 1593 1620 qua

231 1640 347 1696 regia
374 1637 507 1680 Darei
547 1636 644 1683 fuit,
682 1643 862 1677 ventum
898 1642 1004 1679 erat.
1072 1637 1134 1677 Ibi
1165 1636 1442 1678 Nabarzanes
1471 1651 1593 1678 acce-

229 1719 305 1770 pta
337 1711 421 1752 fide
459 1709 674 1758 occurrit,
712 1707 826 1748 dona
872 1706 1060 1763 ingentia
1101 1708 1257 1750 ferens.
1323 1709 1443 1748 Inter
1480 1715 1652 1764 quae23
1687 1716 1691 1757 f

229 1784 400 1840 Bagoas
432 1790 536 1831 erat,
568 1780 711 1837 specie
738 1779 943 1836 singulari
973 1780 1122 1835 spado,
1156 1787 1285 1837 atque
1317 1780 1361 1820 in
1391 1779 1483 1836 ipso
1515 1780 1591 1821 sso-
1611 1822 1620 1830 ,

187 1873 191 1880 ·
228 1871 276 1897 re
309 1854 534 1911 pueritiae,
578 1853 646 1894 cui
686 1861 729 1894 et
767 1856 935 1893 Dareus
964 1860 1156 1894 assuetus
1192 1851 1382 1903 fuerat‚⁶
1417 1861 1460 1895 et
1486 1868 1591 1895 mox

228 1926 478 1969 Alexander
515 1924 720 1967 assuevit:
757 1923 933 1982 eiusque
972 1925 1160 1966 maxime
1200 1925 1403 1982 precibus
1442 1933 1592 1968 motus

228 1998 476 2042 Nabarzani
515 1997 690 2055 ignovit.

164 2100 215 2142 19
308 2101 431 2149 Erat,
461 2106 510 2142 ut
539 2114 667 2154 supra
693 2099 861 2140 dictum
892 2106 969 2146 est,
997 2098 1240 2155 Hyrcaniae
1270 2098 1454 2141 finitima
1485 2115 1586 2157 gens
1601 2124 1649 2150 24
1684 2126 1686 2131 =

223 2175 518 2217 Amazonum,
559 2173 675 2214 circa
711 2170 1080 2212 Thermodonta⁷
1118 2186 1294 2212 amnem
1333 2171 1586 2225 Themiscy-

226 2244 602 2288 raeincolentium
615 2258 808 2300 campos.
840 2243 1643 2299 ReginamhabebantThalestrim,25
1680 2269 1683 2294 3

224 2317 432 2360 omnibus
462 2317 576 2357 inter
604 2314 855 2358 Caucasum
880 2322 1079 2356 montem
1111 2323 1154 2356 et
1186 2314 1344 2356 Phasin
1363 2315 1377 2341 ⁸
1409 2330 1587 2356 amnem

221 2389 565 2446 imperitantem.
629 2389 750 2430 Haec
792 2388 997 2444 cupidine
1035 2387 1197 2429 visendi
1245 2387 1352 2444 regis
1403 2403 1586 2429 accensa

223 2525 242 2550 Σ
270 2536 375 2559 nam.
493 2524 515 2550 2
551 2532 688 2571 sponte
717 2536 817 2559 sua.
934 2524 954 2555 3
993 2526 1288 2572 aliquantulum.
1406 2525 1430 2556 4
1459 2523 1583 2569 Vulgo

316 2589 368 2614 ex
394 2577 542 2614 emend.
570 2580 717 2627 legitur
739 2580 949 2624 desperato.
1093 2580 1112 2608 5
1137 2579 1297 2614 tradere.
1418 2577 1439 2604 ὅ
1463 2578 1587 2612 fuerat

316 2632 504 2668 adsuetus.
705 2634 722 2660 7
753 2634 786 2666 T
790 2633 1086 2668 hermodoonta.
1291 2631 1310 2660 8
1324 2631 1499 2675 Phasim.
