1703 2961
411 150 492 192 DE
533 153 742 196 GESTIS
774 156 941 200 ALEX.
978 161 1025 212 V,
1053 163 1092 202 -2',
1362 169 1442 212 115

83 256 286 306 ducebat,
313 260 431 302 velut
456 263 498 304 in
518 265 666 307 aciem·
677 266 803 315 irent,
824 269 990 325 ingredi
1006 287 1106 316 suos
1123 275 1255 319 iubet.
1277 279 1445 338 Magna,

80 343 180 384 pars
211 330 558 388 Babyloniorum
587 339 843 382 constiterat
872 342 916 383 in
945 345 1093 395 muris,
1126 348 1249 390 avida
1279 366 1440 407 cogno-

20 401 227 442 noscendi
259 417 423 446 novum
454 421 612 463 regem,
642 409 787 465 plures
815 414 989 458 obviam
1017 419 1170 473 egressi
1203 429 1317 462 sunt.
1366 426 1437 465 In-

58 478 141 517 Vter
169 489 278 529 quos
307 476 606 532 Bagophanes,
650 482 761 524 arcis
797 493 839 526 ct
864 487 1006 543 regiae
1032 491 1245 544 pecuniae
1274 502 1432 544 custos,

71 557 127 584 ne
166 546 309 587 studio
348 561 370 587 a
409 547 590 592 Mazaeo
631 552 898 608 vinceretur,
946 566 1092 602 totum
1133 563 1216 603 iter
1249 563 1433 607 floribus

72 616 332 674 coronisque
373 628 692 675 constraverat,
737 630 952 684 argenteis
992 631 1202 675 altaribus
1241 642 1430 694 utroque

67 685 201 728 latere
242 689 468 744 dispositis,
507 710 617 750 quae
653 712 744 739 non
775 699 905 743 thure
939 704 1092 753 modo,
1124 706 1196 747 sed
1225 709 1430 751 omnibus

7 770 50 794 ιι
67 758 276 801 odoribus
306 764 616 808 cumulaverat.
675 771 808 812 Dona
831 789 932 815 eum
950 779 964 800 ¹
1001 778 1313 833 sequebantur,
1336 796 1429 836 gre-

65 842 136 886 ges
162 846 375 884 pecorum
415 850 731 898 equorumque,
767 843 917 887 leones
947 862 1123 904 quoque
1154 858 1197 891 et
1227 851 1427 906 pardales

34 901 205 942 2caveis
246 904 619 964 praegerebantur.
685 913 803 971 Magi
844 917 1024 964 deinde.
1065 935 1144 962 suo
1175 906 1306 964 'more
1337 940 1427 966 car-

60 975 199 1012 mcn²
240 985 456 1028 canentes,
485 989 586 1036 post
622 981 704 1024 hos
733 983 955 1037 Chaldaei,
986 990 1423 1053 Babyloniorumque

58 1057 151 1084 non
177 1052 294 1087 vates
326 1050 477 1099 modo,
518 1051 592 1091 sed
629 1054 763 1096 etiam
805 1057 992 1102 artifices
1033 1079 1135 1104 cum
1175 1063 1334 1108 fidibus
1359 1069 1423 1110 sui

55 1116 223 1171 generi-s
252 1117 389 1160 ibant.
453 1120 624 1166 Laudes
655 1124 700 1166 hi
719 1127 735 1154 ³
767 1142 921 1185 regum
951 1147 1108 1175 canere
1135 1136 1263 1185 soliti,
1293 1137 1424 1182 Chal-

58 1186 152 1227 daei
183 1188 371 1232 siderum
389 1201 537 1235 motus
559 1202 791 1240 etstatutas
810 1201 925 1244 vices
955 1211 1246 1262 temporum⁴
1278 1220 1421 1254 osten-

8 1271 39 1303 .,3
54 1259 169 1302 dere.
225 1261 407 1320 Equites
452 1266 610 1309 deinde
662 1270 911 1324 Babylonii,
959 1291 1037 1317 suo
1059 1286 1415 1340 ,equorumque5

55 1327 175 1374 cultu
222 1334 278 1375 ad
320 1335 535 1378 luxuriam
578 1342 734 1398 magis,
772 1359 906 1401 quam
945 1347 1001 1388 ad
1043 1352 1432 1406 magnificentiam,

53 1411 218 1456 exacto,
259 1406 399 1448 ultimi
436 1409 572 1452 ibant.
645 1414 752 1463 Rex,
791 1419 971 1460 armatis
1013 1421 1206 1476 stipatus,
1238 1428 1421 1484 oppida-

44 1490 212 1517 norum
253 1479 431 1521 turbam
471 1490 572 1537 post
611 1485 788 1529 ultimos
822 1491 992 1546 pedites
1026 1492 1088 1534 ire
1127 1495 1270 1538 iussit:
1327 1499 1418 1554 ipse

51 1563 154 1589 cum
186 1565 315 1590 curru
346 1552 514 1603 urbem,
547 1569 598 1597 ac
629 1550 788 1599 deinde
811 1561 977 1617 regiam
1006 1564 1193 1609 intravit.
1234 1569 1417 1614 Postero

51 1619 119 1660 die
139 1621 448 1676 supellectilem
461 1624 606 1676 Darei,
628 1635 670 1668 et
689 1644 870 1672 omnem
888 1636 1124 1688 pecuniam
1143 1644 1412 1698 recognovit.

17 1703 42 1731 4
137 1690 349 1733 Ceterum
381 1694 513 1750 ipsius
544 1698 663 1739 urbis
694 1701 977 1756 pulchritudo
1013 1722 1063 1749 ac
1091 1717 1293 1763 vetustas,
1323 1730 1415 1758 non
1451 1718 1474 1762 4

48 1762 157 1818 regis
185 1764 334 1815 modo,
363 1767 438 1807 sed
469 1768 601 1810 etiam
637 1772 841 1815 omnium
879 1777 1032 1820 oculos
1058 1780 1103 1821 in
1130 1790 1270 1824 semet
1291 1783 1411 1828 haud

48 1832 270 1877 immerito
296 1840 528 1886 convertit,
578 1843 833 1886 Semiramis
852 1861 950 1888 eam
973 1852 1246 1903 condiderat,
1265 1871 1370 1907 non,
1386 1859 1408 1884 ⁶

47 1913 95 1946 ut
132 1906 326 1965 plerique
371 1912 619 1960 credidere,
656 1915 807 1967 Belus,
848 1920 970 1962 cuius
1004 1923 1117 1979 regia
1146 1928 1407 1986 ostenditur.

15 1976 200 2020 sMurus
226 1979 463 2025 instructus
503 1984 717 2029 laterculo
749 1991 907 2040 coctili,
935 1993 1153 2037 bitumine
1182 1997 1408 2054 interlitus,

43 2050 234 2106 spatium
263 2064 361 2093 xxx
399 2063 443 2096 et
482 2057 673 2099 duorum
702 2061 869 2116 pedum
897 2063 976 2104 in⁷
1006 2065 1284 2113 latitudinem
1316 2088 1408 2115 am-

45 2121 268 2177 plectitur:
299 2127 534 2185 quadrigae
564 2130 679 2172 inter
707 2148 750 2173 se
778 2144 1060 2180 occurrentes
1089 2140 1181 2182 sine
1205 2144 1404 2199 periculo

15 2200 297 2238 6commeare
346 2199 565 2242 dicuntur.
642 2203 840 2247 Altitudo
887 2210 1004 2251 muri
1047 2212 1102 2252 ιθ
1151 2215 1430 2259 cubitorum·

43 2266 206 2308 eminet
240 2271 402 2325 spatio:
442 2280 584 2315 turres
623 2274 744 2316 denis
784 2279 971 2334 pedibus
1000 2297 1133 2339 quam
1159 2275 1318 2330 'murus
1346 2290 1404 2331 ala

38 2335 171 2380 tiores
219 2349 331 2383 sunt.
417 2344 570 2387 Totius
613 2347 758 2403 operis
804 2351 994 2396 ambitus
1030 2362 1220 2398 CCCva9
1262 2362 1401 2404 stadia
1457 2408 1462 2412 ,

40 2470 59 2495 1
84 2472 181 2505 Eum
210 2474 322 2510 dona.
439 2479 460 2505 2
485 2483 709 2527 patrium
734 2494 900 2521 carmen.
1026 2487 1046 2519 3
1071 2491 1110 2528 ii.
1240 2494 1262 2528 4
1287 2503 1401 2532 statas

92 2537 96 2545 ⁸
127 2533 344 2574 temporum
370 2531 485 2567 vices.
642 2537 662 2563 5
687 2548 755 2570 suo
782 2546 896 2585 atque
926 2552 1125 2588 equorum.
1275 2550 1297 2575 ⁶
1322 2552 1397 2585 vel.

123 2580 142 2607 7
166 2581 290 2626 abest,
319 2583 473 2620 adiecta
496 2586 545 2622 cle
571 2593 806 2627 coniectura.
944 2597 962 2624 8
987 2609 1021 2632 c.
1175 2601 1196 2628 ⁹
1222 2615 1408 2645 numerus

121 2633 182 2668 laic
207 2634 256 2670 dc
281 2641 529 2687 coniecturaj
558 2642 667 2689 vulgo
696 2657 889 2683 cccmtvul.

1090 2717 1128 2757 ΙΙ
