1703 2961
418 146 500 187 ως
532 144 739 187 6Ε5Τ15
766 143 936 185 ALEx.
969 143 1022 195 v,
1049 144 1114 184 28.
1394 140 1468 184 141

67 277 84 303 s
117 259 204 303 Diu
236 257 442 300 omnibus
472 255 683 313 cogitatis,
716 255 880 310 placuit
908 268 988 311 per
1016 255 1171 296 milites
1200 255 1472 304 Bactrianos,

116 332 170 373 ad
199 344 329 371 omne
360 329 619 386 obsequium
657 328 909 375 destinatos,
948 342 1094 382 regem
1126 327 1471 383 comprehende-

113 417 172 452 re,
204 403 406 460 mittique
450 400 654 441 nuntium
691 399 744 439 ad
780 399 1095 448 Alexandrum,
1135 399 1206 455 qui
1247 399 1471 449 indicaret,

62 484 83 512 6
112 474 259 515 vivum
297 472 501 536 asservari
544 487 657 522 eum,
699 471 744 521 si,
776 470 818 511 id
851 471 970 527 quod
1002 470 1230 519 timebant,
1260 471 1472 527 proditio-

110 561 213 587 nem
263 551 517 601 aspernatus
568 551 696 593 esset,
744 542 929 583 occisuri
966 542 1185 592 Dareum,
1228 550 1271 584 et
1309 544 1469 584 Bactra

59 632 76 658 7
110 633 212 659 cum
255 631 432 657 suarum
470 616 666 671 gentium
706 631 840 655 manu
878 615 1071 670 petituri.
1130 614 1340 656 Ceterum
1371 630 1471 671 pro-

111 689 257 745 palam
301 687 615 741 comprehendi
651 688 822 728 Dareus
860 702 951 728 non
991 686 1470 741 Jioterat‚3t0tl'e1·sa-

109 775 205 801 ram
244 760 420 800 milibus
460 759 610 800 laturis
655 775 786 816 opem
824 759 933 814 regi:
986 760 1262 802 Graecorum
1293 776 1468 817 quoque

58 847 75 874 8
110 831 216 874 fides
245 831 494 872 timebatur.
541 833 692 889 Itaque
725 831 844 887 quod
876 831 915 871 vi
949 847 1040 873 non
1072 837 1319 888 poterant,'
1352 833 1468 873 frau-

108 905 163 945 de
196 904 361 961 assequi
400 911 641 960 temptant:
670 903 990 960 poenitentiam
1016 904 1264 945 secessionis
1297 905 1469 946 simula-

106 991 154 1018 re
186 977 481 1026 decreverant,
516 984 559 1017 et
590 990 792 1018 excusare
822 976 936 1031 apud
970 990 1118 1031 regem
1151 977 1468 1017 consternatio-

54 1065 75 1095 9
108 1064 212 1089 nem
250 1063 386 1089 suam.
458 1048 640 1090 Interim
680 1048 751 1104 qui
794 1048 944 1088 Persas
977 1048 1468 1089 sollicitarent-mittun-

105 1127 189 1160 tur.
250 1120 362 1161 Hinc
405 1135 493 1177 spe,
530 1119 632 1161 hinc
669 1127 791 1160 metu
832 1120 1039 1160 militares
1073 1121 1467 1172 animos‘Jversant:

104 1191 257 1232 ruinae
287 1207 436 1233 rerum
468 1193 656 1234 subdere
680 1192 808 1234 illos2
844 1192 1000 1248 capita,
1032 1191 1075 1233 in
1106 1192 1348 1247 perniciem
1380 1200 1466 1233 tra—

104 1264 161 1314 hi,
195 1280 295 1306 cum
322 1266 481 1306 Bactra
522 1272 713 1321 pateant,
757 1272 990 1321 exceptura
1023 1281 1096 1306 eos
1129 1266 1255 1307 donis
1287 1275 1330 1308 et
1360 1283 1466 1324 opu-

104 1336 247 1386 lentia,
277 1337 430 1378 animis
456 1351 590 1392 quam
608 1336 624 1363 3
657 1336 889 1392 concipere
916 1352 1007 1377 non
1035 1339 1213 1394 possint.

44 1425 91 1449 10
186 1408 308 1449 Haec
347 1409 608 1466 agitantibus
651 1409 893 1449 Artabazus
932 1411 1192 1464 supervenit,
1232 1413 1318 1455 sive
1349 1415 1524 1472 regi529

105 1480 234 1528 iussu,
272 1479 357 1520 sive
396 1496 470 1521 sua
512 1487 680 1536 sponte,
712 1479 946 1530 affirmans,
978 1482 1224 1538 mitigatum
1255 1502 1344 1528 esse
1374 1488 1464 1531 Da-

104 1566 242 1600 reum,
288 1558 331 1592 et
370 1553 560 1593 eundem
592 1552 670 1593 illis
703 1552 920 1593 amicitiae
951 1554 1136 1608 gradum
1165 1565 1314 1611 patere
1344 1563 1462 1616 apud

46 1638 264 1678 11regem.
326 1624 388 1664 Illi
424 1624 700 1665 lacrimantes
731 1640 850 1665 nunc
879 1640 1067 1680 purgare
1102 1642 1157 1676 se,
1187 1644 1305 1673 nunc
1335 1633 1462 1675 Arta-

104 1696 263 1736 bazum
295 1710 432 1745 orare,
472 1703 520 1736 ut
552 1710 728 1736 causam
761 1696 955 1751 ipsorum
983 1705 1190 1749 tueretur,
1222 1717 1461 1762 precesque

45 1787 89 1810 12
105 1767 332 1824 perferret.
381 1767 451 1808 Sic
481 1775 658 1823 peracta
684 1775 828 1818 nocte,
861 1769 940 1809 sub
970 1769 1077 1812 lucis
1105 1778 1340 1815 exortum4
1373 1779 1461 1821 Na..

102 1843 310 1883 barzanes
347 1855 450 1883 cum
486 1839 730 1880 Bactrianis
764 1840 973 1883 militibus
1010 1842 1053 1883 in
1093 1846 1305 1889 vestibulo
1337 1866 1461 1906 prae-

101 1914 202 1955 torii
242 1913 469 1962 aderant,⁵
514 1911 690 1953 titulum
728 1913 946 1954 sollemnis
985 1914 1117 1957 officii
1159 1919 1334 1961 occulto
1372 1938 1461 1965 sce-

100 1985 178 2026 leri
211 1984 517 2042 praeferentes.
560 1983 776 2032 Dareus,
823 1985 944 2041 signo
993 1986 1048 2027 ad
1099 1990 1293 2032 eundum
1339 1995 1457 2048 dato,

44 2075 88 2103 13
107 2072 285 2100 currum
314 2057 498 2113 pristino
537 2071 663 2097 more
706 2057 975 2099 conscendit.
1033 2060 1311 2106 Nabarzanes
1345 2077 1459 2110 cete-

101 2130 226 2187 rique
267 2129 512 2187 parricidae
556 2129 900 2183 procumbentes
949 2130 1096 2181 humi,
1145 2149 1277 2189 quem
1322 2142 1455 2193 paulo

101 2209 201 2256 post
238 2201 282 2242 in
327 2201 510 2242 vinculis
559 2200 749 2241 habituri
802 2209 927 2242 erant
965 2204 1205 2247 sustinuere
1245 2217 1454 2267 venerari,

99 2272 299 2315 lacrimas
341 2272 509 2334 'etiamp
552 2273 849 2326 poenitentiae
905 2274 1069 2316 indices
1139 2278 1454 2334 profuderunt:

46 2343 211 2387 14adeo
245 2344 448 2385 humanis
486 2344 664 2401 ingeniis
702 2353 852 2401 parata
890 2346 1110 2389 simulatio
1153 2358 1228 2392 est.
1297 2355 1453 2401 Preces

100 2415 257 2457 deinde
295 2416 550 2473 suppliciter
585 2417 812 2467 admotae,
850 2417 1068 2471 Dareum,
1108 2430 1263 2467 natura
1291 2428 1451 2487 simpli-

99 2593 118 2617 1
140 2605 221 2627 non
245 2601 421 2639 poterant
443 2597 493 2632 vi.
695 2597 715 2622 2
749 2597 837 2631 illos
865 2598 1039 2636 subdere.
1220 2604 1241 2634 3
1267 2617 1449 2653 quantam

183 2647 333 2684 animis.
529 2651 551 2683 4
575 2657 673 2685 ortu.
874 2655 895 2682 5
920 2654 1060 2689 aderat.
