1703 2961
244 166 325 210 205
706 162 762 218 Q.
794 161 997 206 CUR'ru
1033 163 1173 207 Rom

179 281 205 324 6
322 279 445 320 'Dum
473 275 583 319 haec
618 276 832 334 Amyntas
860 275 958 334 agit,
990 275 1106 317 sorte
1135 285 1490 333 supervenerunt,
1517 279 1647 334 quin.

239 352 424 395 fratrem
461 349 550 390 eius
592 348 901 398 Polemonem,
936 348 988 389 de
1029 364 1117 406 quo
1159 357 1260 390 ante
1291 357 1356 391 est
1384 351 1586 403 dietum?

239 425 478 484 fugientem
509 421 731 463 consecuti
759 419 953 462 vinetum
984 421 1268 463 reducebant.
1299 421 1459 463 Infesta
1491 438 1594 465 con-

239 486 302 540 tio
331 498 399 538 vix
420 493 601 536 inhiberi
641 493 800 549 potuit,
837 493 941 550 quin
983 494 1183 549 protinus
1221 509 1300 535 suo
1340 509 1464 536 more
1495 510 1593 536 saxa

239 570 285 612 in
312 585 414 612 eum
447 569 618 608 iaceret.
687 567 833 622 Atque
862 566 930 606 ille
961 581 1063 607 sane
1091 566 1325 617 interritus,
1354 569 1500 619 Nihil,
1532 567 1592 607 in·
1625 585 1644 607 2

242 643 348 702 quit,
374 658 454 698 pro
485 657 549 681 me
588 641 806 694 deprecor,
846 642 971 681 modo
1010 656 1060 681 ne
1080 637 1285 698 fratrum
1327 643 1595 682 innocentiae

220 717 353 778 ·fuga
393 719 632 769 imputetur
663 728 769 754 mea.
842 716 963 753 Ilaec
998 715 1041 753 si
1081 710 1261 771 defendi
1308 730 1394 756 non
1431 725 1593 769 potest,

241 806 378 833 meum
415 790 574 829 crimen
611 789 687 827 sic.
755 788 924 827 IIorum
963 787 1015 827 ob
1055 788 1103 826 id
1145 789 1288 840 ipsum
1330 789 1481 830 melior
1529 798 1597 830 esc

240 880 379 913 causa,
405 863 521 918 quod
551 875 641 914 ego,
670 861 745 914 qui
771 856 964 917 profugi,
996 851 1217 913 suspectus
1245 876 1350 901 sum.
1396 861 1457 901 At
1487 860 1596 901 haec

241 938 418 980 elocuto
454 933 650 975 universa
695 931 844 973 contio
882 947 1050 972 assensa
1093 940 1175 974 est:
1205 933 1411 974 lacrimae
1439 931 1597 973 deinde
1631 943 1649 971 3

242 1010 446 1054 omnibus
484 1019 663 1047 manare
707 1011 971 1059 coeperunt,
1010 1004 1121 1045 adeo
1157 1004 1203 1045 in
1233 1005 1507 1046 contrarium
1534 1020 1598 1046 re-

239 1090 371 1142 pente
414 1078 603 1125 mutatis,
642 1084 691 1117 ut
733 1075 875 1117 solum
904 1092 984 1132 pro
1020 1092 1071 1117 eo
1104 1083 1226 1124 esset,
1258 1078 1376 1133 quod
1407 1077 1595 1119 maxime

237 1157 433 1198 laeserat.
496 1150 664 1191 Iuvenis
707 1155 800 1189 erat
841 1150 984 1204 primo
1017 1149 1169 1189 aetatis
1201 1149 1309 1189 flore
1340 1150 1595 1206 pubescens,
1627 1168 1650 1191 4

241 1242 375 1286 quem
388 1226 502 1266 inter
528 1221 695 1278 equItes
716 1221 946 1261 tormentis
971 1220 1165 1261 Philotae
1195 1223 1481 1263 conturbatos
1503 1222 1598 1262 alie-

239 1315 323 1342 nus
351 1306 495 1339 terror
532 1293 788 1335 abstulerat:
825 1292 1046 1333 desertum
1082 1309 1184 1333 eum
1225 1308 1247 1334 a
1277 1287 1523 1343 comitibus,
1558 1300 1600 1334 et

240 1370 533 1414 haesitantem
578 1368 692 1407 inter
738 1365 983 1416 revertendi
1030 1363 1308 1422 fugiendique
1357 1365 1600 1412 consilium,

243 1444 318 1502 qui
357 1439 492 1484 secuti
531 1446 656 1479 erant
695 1444 1034 1492 occupaverunt.
1103 1440 1144 1478 Is
1182 1445 1276 1478 tum
1310 1437 1414 1479 flere
1456 1437 1603 1493 coepit
1635 1459 1650 1484 5

245 1525 288 1559 et
317 1530 365 1557 os
395 1527 523 1555 suum
542 1509 870 1558 converberare,
891 1517 1081 1550 maestus
1094 1526 1183 1551 non
1209 1526 1332 1551 suam
1348 1511 1500 1558 vicem,
1524 1510 1598 1555 sed

242 1586 580 1646 propteripsum
602 1581 941 1638 periclitantium
962 1581 1163 1624 fratrum.
1209 1584 1598 1639 Moveratqueiam
1631 1598 1651 1625 6

243 1676 392 1718 regem
419 1657 641 1715 quoque,²
672 1669 762 1694 non
796 1654 1051 1695 contionem
1084 1656 1230 1705 modo,
1264 1656 1337 1696 sed
1367 1671 1476 1696 unus
1509 1662 1602 1696 erat

243 1730 529 1790 implacabilis
579 1726 734 1775 frater,
791 1727 863 1782 qui
913 1727 1091 1768 terribili
1122 1729 1241 1769 vultu
1273 1729 1444 1769 intuens
1486 1743 1599 1777 eum,

251 1811 366 1856 Tum,
393 1803 465 1852 ait,
496 1805 677 1849 demens,
708 1801 934 1840 lacrimare
966 1801 1180 1849 debueras,
1211 1817 1302 1841 cum
1333 1817 1437 1856 equo
1466 1804 1602 1844 calca-

246 1883 316 1922 ria
351 1879 565 1924 subderes,
593 1872 791 1932 fratrum
839 1876 1033 1915 desertor
1062 1885 1104 1915 ec
1144 1877 1408 1916 desertor-mn
1450 1893 1598 1918 comcs.

243 1956 396 2000 Miser,
439 1965 521 2006 quo
551 1960 594 1990 et
622 1951 732 1990 unde
747 1945 993 2006 fugiebas?
1031 1947 1255 2006 Effecisti,
1285 1958 1333 1988 ιιι·
1359 1962 1455 1989 rcus
1484 1954 1600 2005 capi-

244 2031 306 2069 tis
346 2026 615 2066 accusatoris
647 2032 788 2063 uterer
824 2021 980 2060 verbis.
1044 2020 1142 2068 Ille,
1178 2036 1380 2076 peccasse
1417 2037 1483 2072 se,
1522 2009 1604 2065 sed.
1632 2041 1648 2066 7

244 2099 413 2158 gravius
444 2096 486 2136 in
502 2094 644 2144 fatres,
668 2108 801 2149 quam
828 2093 870 2133 in
888 2091 1180 2146 semetipsum,
1211 2092 1442 2134 fatebatur.
1485 2095 1601 2136 Tum

245 2187 350 2214 vero
389 2184 530 2225 neque
570 2165 778 2215 lacrimis,
817 2181 959 2222 neque
1004 2163 1406 2213 acclamationibus,
1448 2166 1602 2222 quibus

249 2243 391 2287 studia
421 2257 496 2283 sua
532 2238 768 2280 multitudo
801 2237 1041 2294 profitetur,
1075 2244 1440 2292 temperaverunt.
1504 2225 1602 2281 Una

249 2332 333 2360 vox
355 2312 550 2370 eratpari
572 2311 723 2353 emissa
745 2325 972 2357 consensu,
998 2317 1046 2350 ut
1073 2308 1315 2350 insontibus
1345 2316 1387 2350 et
1411 2309 1604 2353 fortibus

249 2388 350 2431 viris
378 2392 591 2444 parceret.
652 2382 795 2425 Amici
826 2397 1013 2438 quoque,
1047 2381 1145 2422 data
1177 2370 1500 2424 misericordiae
1521 2399 1606 2425 .oc-
1700 2403 1703 2428 ι

253 2460 446 2510 casione,
484 2463 774 2513 consurgunt,
808 2453 1051 2510 flentesque
1090 2468 1239 2510 regem
1291 2453 1599 2510 deprecantur.
1700 2429 1703 2499 l

255 2680 274 2705 1
300 2678 444 2713 dictum
470 2681 536 2709 est.
738 2670 759 2696 2
791 2669 912 2707 abest.
