1703 2961
383 165 464 209 DE
499 165 902 211 GEST153ALEX.
929 168 1023 216 VH,
1051 166 1116 209 41.
1347 168 1425 212 241

80 275 302 327 adhibitis,
345 294 445 319 cum
487 278 649 335 quibus,
676 279 1071 322 ‘consultare-erat
1106 279 1279 330 solitus,
1317 280 1425 322 indi-

78 356 196 390 caret
234 348 507 392 insolentiam
545 350 743 401 baffiari,
781 351 993 392 eludentis
1030 351 1162 407 ipsos,
1205 351 1303 407 quia
1330 352 1426 407 pin2

73 422 179 459 nas¹
224 435 315 461 non
355 420 580 464 haberent.
646 422 704 465 Se
743 430 890 463 autem
927 422 1124 479 proxima
1159 430 1291 463 nocte
1321 422 1422 464 esse-

22 499 41 526 7
74 496 261 542 ctumm,
298 500 348 534 ut
385 494 584 534 crederet
621 494 888 536 Macedones
931 495 1062 535 etiam
1107 493 1262 534 volare.
1326 497 1421 535 Tre-

20 573 227 613 7.ceut0s,
268 564 420 622 inquit,
452 569 775 620 pernicissimos
811 571 987 609 iuvenes
1024 581 1081 607 ex
1117 569 1209 607 suis
1241 569 1420 623 quisque

67 639 210 690 copiis
236 639 460 692 perducite
486 642 546 680 ad
574 657 650 687 me,
677 642 752 695 qui
780 655 858 694 per
885 642 1017 682 calles
1041 649 1085 680 ec
1108 656 1244 694 paene
1271 642 1418 681 invias

0 711 38 775 Ὶ8
68 723 197 762 rupes
233 711 353 752 domi
395 727 552 765 pecora
604 729 739 766 agere*
767 715 1153 755 consueverant.²'
1193 711 1255 753 Illi
1295 728 1416 768 prae-

67 786 229 821 stantes
280 789 324 822 et
370 782 542 826 levitate
593 799 832 841 corporum
880 792 924 826 et
964 784 1119 825 ardore
1164 783 1416 825 animorum

64 857 239 892 strenue
263 853 500 905 adducunt,
532 871 641 913 quos
676 856 847 896 intuens
873 869 958 904 rex,
989 856 1233 905 Vobiscum,
1259 855 1414 913 inquit,

18 935 25 957 -'
64 940 89 966 0
130 928 316 974 iuvenes,
365 937 409 966 et
447 928 531 965 mei
551 927 768 982 aequales,
810 929 975 969 urbium
1013 931 1275 969 invictarum
1314 940 1425 969 ante.

63 1001 322 1039 munimenta
354 1001 572 1052 superavi,
611 1004 819 1042 montium
859 1005 960 1055 iuga
993 1003 1171 1055 perenni
1206 1003 1307 1040 nive
1343 1002 1411 1041 ob-

61 1081 163 1110 ruta
203 1087 392 1112 emensus
431 1087 536 1120 sum,
563 1076 787 1126 angustias
825 1075 1007 1115 Ciliciae
1048 1074 1228 1120 intravi,
1254 1074 1411 1112 Indiae

62 1145 154 1184 sine
183 1144 442 1184 lassitudine
483 1147 574 1184 vim
590 1143 788 1203 frigoris
816 1162 908 1186 sum
936 1160 1177 1200 perpessus.
1229 1147 1297 1185 Et
1327 1149 1410 1186 mei

11 1217 315 1256 reim-amenta
366 1217 492 1257 vobis
537 1219 662 1267 dedi,
715 1229 759 1259 et
794 1219 978 1260 vestra³
1026 1218 1171 1258 habeo.
1258 1218 1408 1264 Petra,

59 1303 185 1344 quam
212 1291 393 1338 videtis,
426 1305 552 1330 unum
590 1293 757 1332 aditum
795 1293 936 1340 habet,
976 1305 1098 1346 quem
1135 1289 1309 1330 barbari
1337 1291 1406 1331 ob—

55 1364 215 1411 sident,
262 1372 404 1402 cetera
448 1365 692 1419 negliguntf
742 1366 881 1405 nullae
923 1364 1109 1417 vigiliae
1154 1372 1275 1412 sunt,
1319 1362 1408 1403 nisi

20 1444 164 1489 oquae
194 1447 340 1476 castra
367 1446 512 1476 nostra
541 1447 754 1490 spectant.
810 1440 1052 1478 Invenietis
1087 1437 1223 1483 viam,
1253 1437 1294 1475 si
1323 1437 1404 1477 sol-

50 1509 185 1548 'lercer
207 1496 358 1549 rimati
372 1505 564 1565 fueritis
591 1511 739 1550 aditus
750 1506 950 1566 serentes
973 1511 1031 1549 ad
1059 1524 1267 1549 cacumen.
1322 1511 1407 1548 Nia

55 1581 236 1621 hil'tam
268 1583 356 1619 alte
396 1591 550 1619 natura
586 1584 829 1625 constituit,
867 1596 948 1635 quo
977 1581 1122 1619 virtus
1150 1594 1234 1620 non
1258 1583 1405 1632 possit

51 1655 172 1708 eniti.
231 1653 514 1705 Experiendo
555 1666 664 1706 quae
701 1655 835 1692 ceteri
872 1654 1224 1706 desperaverunt,
1251 1655 1404 1692 Asiam

18 1726 250 1766 thabemus
278 1727 324 1765 in
350 1735 585 1778 potestate.
644 1727 844 1766 Evadite
864 1727 908 1765 in
929 1739 1138 1770 cacumen,
1169 1727 1287 1778 quod
1309 1741 1401 1765 cum

50 1799 266 1853 ceperitis,
296 1799 496 1838 candidis
533 1799 646 1838 velis
674 1801 843 1852 signum
874 1800 981 1837 mihi
1009 1797 1195 1838 dabicis:
1224 1813 1302 1851 ego
1331 1813 1399 1839 co-

46 1874 136 1927 piis
167 1873 358 1912 admotis
387 1874 551 1912 hostem
583 1874 628 1912 in
656 1887 733 1912 nos
764 1887 792 1911 a
819 1871 945 1912 vobis
968 1880 1229 1910 convertam.
1262 1873 1397 1912 Prae-

47 1947 176 1985 mium
217 1945 302 1985 erit
340 1945 392 1993 ei,
424 1946 500 1997 qui
538 1946 704 1998 primus
745 1946 1024 1997 occupaverit
1070 1945 1290 1990 verticem,
1330 1954 1395 1984 ta-

45 2018 166 2058 lenta
193 2032 242 2066 X,
271 2032 353 2058 uno
384 2019 522 2058 minus
551 2019 752 2070 accipiet,
790 2019 866 2071 qui
891 2018 1118 2070 proximus
1147 2018 1190 2055 ei
1211 2020 1394 2067 venerit,

45 2091 272 2144 eademque
307 2090 366 2130 ad
406 2091 548 2130 decem
582 2093 773 2131 homines
799 2089 1046 2130 servabitur
1071 2091 1233 2141 portio.
1294 2090 1393 2130 Cer-

46 2171 136 2203 tum
166 2172 307 2202 autem
336 2163 483 2212 habeo,
520 2179 602 2205 vos
634 2179 717 2206 non
755 2174 847 2204 tam
888 2162 1196 2203 liberalitatem
1232 2164 1395 2203 intueri

39 2231 192 2285 ''meam‚
223 2249 350 2291 quam
384 2236 664 2277 voluntatem.

127 2306 203 2348 His
239 2307 394 2348 animis
430 2322 578 2363 regem
620 2306 863 2355 audierunt,
901 2310 950 2345 ut
986 2303 1074 2364 iam
1105 2304 1266 2360 cepisse
1297 2308 1450 2352 ver-42

43 2377 178 2419 tieem
222 2366 486 2420 viderent'ur.
556 2378 821 2435 Dimissique
866 2375 1032 2417 ferreos
1068 2392 1246 2424 cuneos,
1283 2391 1393 2433 quos

28 2448 162 2491 *inter
189 2464 286 2491 saxa
315 2448 562 2507 defigerent,
599 2449 849 2506 validosque
879 2448 1005 2490 funes
1030 2448 1261 2504 parabant.
1300 2449 1405 2491 Rex.

45 2633 64 2659 ¹
87 2644 243 2680 pennas.
444 2634 466 2660 2
492 2635 771 2670 consueverint.
971 2633 991 2664 3
1019 2633 1145 2668 vestri.

1084 2695 1126 2749 Q
