1703 2961
434 115 516 158 DE
549 112 763 158 GESTIS
794 112 960 156 ALEX.
992 113 1086 162 VH,
1105 113 1174 158 27.
1398 114 1478 158 227

116 230 235 278 stitit,
265 227 509 271 naturalem
536 225 808 269 celeritatem
838 225 900 266 ira
931 225 1198 270 concitante.
1254 225 1473 268 Cuniculo

111 317 213 355 ergo
247 301 430 342 suffossa
467 300 642 342 moenia
683 297 834 353 ingens
883 296 1104 338 nudavere
1141 299 1354 354 spatium,
1390 314 1471 355 per

95 357 228 430 ,quod
262 373 431 428 irrupit,
463 371 695 427 victorque
720 369 877 410 urbem
909 367 1021 409 dirui
1056 368 1188 411 iussit.

46 462 106 494 aa.
195 445 308 487 Hinc
338 443 651 485 Menedemum
672 457 774 482 cum
801 454 849 481 111
872 440 1045 482 milibus
1063 442 1263 498 peditum
1294 452 1338 486 et
1357 458 1464 488 Dccc
1477 449 1528 489 28

109 517 327 574 equitibus
374 515 428 556 ad
474 514 630 556 urbem
680 513 949 555 Maracanda
991 513 1122 555 misit.
1190 515 1466 572 Spitamenes

106 587 338 643 transfuga.
374 586 590 642 praesidio
625 585 929 628 Macedonum
967 583 1068 626 inde
1106 585 1293 637 deiecto,
1330 593 1467 634 muris

96 660 226 702 urbis
258 659 348 700 eius
379 658 612 700 incluserat
641 673 697 708 se,
728 657 847 699 haud
877 656 1107 713 oppidanis
1136 659 1367 704 consilium
1396 664 1469 707 de-

103 730 305 776 fectionis
358 730 721 786 approbantibus.
809 728 945 785 Sequi
995 734 1144 771 tamen
1190 731 1465 790 videbantur,

37 823 82 852 2⁵
99 803 199 861 quia
236 801 471 859 prohibere
509 817 601 844 non
637 807 858 858 poterant.
927 801 1110 843 Interim
1135 802 1382 850 Alexander
1410 815 1463 855 ad

106 875 293 918 Tanaim
325 889 503 916 amnem
539 874 663 924 redit,
701 881 745 915 et
786 880 1002 930 quantum
1029 873 1108 915 soli
1142 889 1467 936 occupaverant

106 947 269 996 castris,
300 960 430 987 muro
462 945 763 988 circumdedit.
808 958 860 986 Lx
886 946 1129 988 stadiorum
1163 950 1282 992 urbis
1313 969 1464 1001 murus,

103 1019 206 1060 fuit:
233 1018 351 1059 hanc
383 1033 559 1075 quoque
601 1018 759 1058 urbem
795 1017 1101 1058 Alexandriam
1142 1023 1349 1076 appellari
1382 1028 1465 1072 ius-

42 1092 170 1143 gosit.
220 1089 346 1146 Opus
385 1096 508 1131 tanta
551 1089 773 1132 celeritate
809 1088 1056 1146 perfectum
1097 1098 1172 1139 est,
1213 1101 1263 1135 ut
1288 1097 1462 1144 decimo

103 1163 292 1220 septimo
305 1160 389 1212 die,
403 1162 561 1218 quam¹
575 1160 851 1201 munimenta
873 1160 1057 1202 excitata
1072 1170 1207 1214 erant,
1221 1173 1336 1211 tecta
1359 1188 1466 1230 quo-

105 1251 188 1293 que
226 1233 344 1275 urbis
381 1234 722 1275 absolverentur.
804 1234 960 1289 Ingens
1003 1233 1196 1277 militum
1238 1249 1464 1291 certamen

105 1307 217 1348 inter
244 1306 356 1360 ipsos
385 1305 543 1355 fuerat,
570 1311 620 1345 ut
649 1319 776 1346 suum
806 1304 987 1361 quisque
1017 1321 1179 1349 munus
1207 1312 1330 1360 (nam
1365 1317 1466 1361 divi-

44 1397 90 1428 2⁷
104 1393 203 1419 sum
233 1380 342 1427 erat)
369 1376 536 1432 primus
564 1376 828 1418 ostenderet.
870 1377 1052 1419 Incolae
1079 1393 1221 1422 novae
1252 1386 1350 1428 urbi
1376 1390 1464 1432 dati

107 1448 278 1506 captivi,
308 1463 418 1504 quos
445 1448 619 1489 reddito
650 1448 793 1504 pretio
828 1448 1241 1504 dominisliberavitg
1273 1466 1462 1513 quorum

105 1521 269 1579 posteri
300 1535 418 1562 nunc
450 1535 626 1577 quoque
655 1535 746 1562 non
779 1521 896 1576 apud
936 1536 1011 1562 eos
1042 1529 1136 1564 tam
1160 1524 1293 1582 longa
1325 1540 1466 1577 aetate

107 1600 291 1651 propter
316 1592 581 1635 memoriam
609 1592 845 1634 Alexandri
876 1593 1167 1638 exoleverunt.

25 1679 95 1707 vn.
164 1665 281 1711 „Atz
327 1679 399 1705 rex
438 1664 718 1722 Scytharum,
749 1663 872 1706 cuius
901 1672 999 1707 tum
1030 1667 1147 1739 ultra
1173 1669 1360 1716 Tanaim
1389 1676 1466 1721 im-
1479 1684 1531 1725 29

62 1789 67 1792 Α
106 1737 282 1795 perium
308 1744 413 1787 erat,
452 1744 572 1780 ratus
605 1752 705 1778 eam
745 1736 915 1788 urbem,
955 1754 1089 1795 quam
1121 1740 1166 1782 in
1203 1743 1297 1802 ripa
1325 1753 1468 1795 amnis

105 1809 380 1853 Macedones
420 1810 725 1860 condiderant,
761 1808 849 1850 suis
889 1809 1142 1867 impositam
1171 1830 1262 1859 esse
1293 1823 1469 1866 cervici-

109 1884 204 1941 bus,
231 1881 419 1923 fratrem
449 1880 701 1923 Carthasim
726 1881 908 1923 nomine
941 1898 1043 1924 cum
1082 1901 1241 1944 magna
1269 1893 1468 1948 equitum

111 1971 244 1997 manu
275 1953 393 1995 misit
422 1953 476 1995 ad
508 1953 769 1995 diruendam
797 1969 912 2003 eam,
939 1958 1184 2016 proculque
1214 1976 1344 2006 amne
1373 1969 1472 2011 sub-

59 2040 80 2065 2
112 2026 351 2069 movendas
380 2025 677 2068 Macedonum
713 2026 875 2083 copias.
931 2028 1192 2073 Bactrianos
1224 2024 1386 2080 Tanais
1414 2042 1470 2083 ab

45 2127 84 2148 -·.:
113 2097 300 2156 Scythis,
324 2112 434 2155 quos
462 2099 721 2154 Europaeos
748 2106 923 2150 vocant,
955 2100 1119 2144 dividit.
1167 2105 1292 2148 Idem
1320 2112 1472 2156 Asiam

37 2174 39 2177 “
66 2183 85 2212 3
115 2179 160 2218 et
185 2172 416 2226 Europam
445 2169 541 2211 finis
573 2169 796 2212 interfluit.
839 2169 1051 2214 Ceterum
1078 2175 1348 2230 Scytharum
1368 2188 1472 2240 gens

112 2243 237 2292 haud
267 2242 424 2300 procul
463 2242 652 2285 Thracia
685 2242 764 2283 sita
808 2243 862 2284 ab
895 2243 1080 2288 Oriente
1118 2249 1175 2290 ad
1203 2250 1475 2309 Septentrio-

80 2347 87 2362 2
119 2329 222 2355 nem
251 2329 294 2356 se
328 2313 472 2360 vertit,
512 2313 916 2372 sarmatarumque,
945 2324 996 2357 ut
1025 2319 1207 2375 quidam
1235 2327 1477 2382 credidere,

67 2401 93 2425 4
117 2385 439 2450 nodfinitima,
469 2386 543 2427 sed
559 2401 664 2442 ,pars
686 2395 762 2428 est.
804 2388 1024 2440 Rectam³
1060 2392 1221 2436 deinde
1249 2399 1477 2455 regionem

121 2457 251 2499 aliam
279 2457 389 2499 ultra
421 2460 582 2500 Istrum
610 2458 828 2500 iacentem
860 2460 986 2502 colit:
1013 2463 1164 2506 ultima
1193 2467 1334 2521 Asiae,
1366 2489 1478 2530 quae

126 2575 143 2600 1
169 2585 259 2620 qua.
461 2574 483 2599 2
508 2573 630 2607 abest.
855 2577 873 2607 3
900 2578 1071 2614 Rectam.
1099 2581 1221 2617 codd.
1252 2596 1351 2631 opcc,
1381 2600 1483 2627 recta

139 2648 163 2657 ‚.
197 2626 362 2669 ‘deinde
390 2629 547 2675 regione
572 2629 702 2663 alium.
933 2645 938 2649 ·

1134 2697 1223 2738 Ρ2
