1703 2961
355 232 438 274 DE
472 230 682 274 GESTIS
722 231 890 276 ALEX.
930 233 1002 281 lV,
1041 233 1106 278 27.
1362 234 1415 278 67

54 346 180 388 vitur.
232 343 309 386 Ille
349 358 570 401 assurgere
608 343 871 399 supplicem,
906 343 1130 400 recipique
1168 344 1283 386 inter
1313 360 1414 388 suos

3 418 183 460 :6iussit.
220 418 280 459 At
297 417 509 458 barbarus
534 414 677 472 gladio
697 419 710 441 ¹
746 423 920 456 strenue
942 416 983 456 in
1014 416 1211 458 dextram
1236 417 1413 459 transla-

0 493 1 499 ’
47 496 107 541 to,
138 490 354 532 cervicem
400 488 567 546 appetit
596 487 725 544 regis:
764 487 837 544 qui
868 488 1015 545 exigua
1048 489 1247 545 corporis
1282 489 1413 531 decli-

0 564 1 575 *
46 561 226 603 natione
259 561 419 603 evitato
451 561 555 609 ictu,
585 561 630 602 in
652 575 815 602 vanum
845 575 1027 602 manum
1042 560 1215 602 barbari
1243 561 1410 618 lapsam

0 625 252 702 l·arnputat
294 632 462 689 gladio,
509 633 767 675 denuntiato
810 633 853 673 in
903 633 1024 673 illum
1054 632 1169 674 diem
1200 632 1410 689 periculo,

0 704 28 751 l⁷
43 712 93 746 ut
132 705 430 746 arbitrabatur
463 704 566 760 ipse,
605 705 852 749 defunctus.
909 705 1008 756 Sed,
1042 711 1091 746 ut
1118 705 1291 762 opinor,
1322 706 1411 746 ine-

0 764 3 807 l
43 776 219 819 vitabile
252 784 314 818 est
343 776 498 818 fatum.
549 776 726 834 Quippe
757 778 864 819 dum
895 777 1010 818 inter
1028 777 1244 834 primores
1261 792 1410 834 prom-

1 872 4 887 .
43 848 159 907 ptius
200 849 404 898 dimicat,
446 848 599 905 sagitta
648 849 760 891 ictus
799 857 882 890 est:
939 865 1072 906 quam
1109 863 1188 906 per
1224 849 1408 891 loricam

1 926 5 983 ξ
42 921 258 972 adactam,
295 927 485 962 stantem
523 920 567 962 in
604 919 792 963 humero
832 920 1029 963 medicus
1062 920 1152 961 eius
1180 920 1407 977 Philippus

1 985 23 1039 ἦε
42 993 194 1034 evellit.
251 993 470 1034 Plurimus
493 992 649 1034 deinde
667 992 838 1049 sanguis
866 1007 1046 1033 manare
1074 992 1233 1048 coepit,
1267 993 1407 1034 omni·

2 1051 7 1122 l
38 1064 121 1107 bus
159 1065 331 1115 territis,
363 1065 464 1122 quia
492 1080 598 1111 non,
638 1079 772 1120 quam
800 1065 883 1106 alte
913 1065 1217 1120 penetrasset²
1250 1064 1405 1112 telum,

3 1130 8 1207 ξι
36 1136 171 1180 lorica
204 1138 429 1187 obstante,
462 1144 773 1193 cognoverant.
831 1138 941 1191 Ipse,
971 1151 1027 1177 ne
1050 1137 1067 1165 ³
1106 1135 1192 1177 oris
1223 1137 1404 1192 quidem

4 1215 7 1249 ἱ
41 1209 188 1251 colore
220 1216 407 1259 mutato,
434 1207 648 1265 supprimi
678 1207 936 1265 sanguinem
965 1214 1008 1248 et
1036 1207 1192 1249 vulnus
1221 1208 1403 1265 obligari

5 1271 178 1327 l9iussit.
239 1281 328 1323 Diu
361 1288 464 1322 ante
500 1279 595 1338 ipsa
625 1281 744 1339 signa
775 1281 842 1322 vel
874 1279 1161 1328 dissimulato,
1186 1281 1252 1322 vel
1286 1281 1403 1324 victo

5 1335 191 1413 ‘dolore
227 1353 499 1411 perstiterat;
558 1369 661 1395 cum
698 1367 952 1409 suppressus
992 1351 1124 1409 paulo
1165 1359 1267 1393 ante
1308 1368 1404 1394 san·

6 1416 128 1494 iguis
167 1427 511 1476 medicamento,
548 1440 637 1482 quo
675 1431 871 1466 retentus
908 1430 1014 1473 erat,
1039 1426 1063 1451 4
1099 1439 1282 1466 manare
1308 1424 1403 1466 lon·

0 1505 10 1540 f
36 1498 130 1553 gius
154 1499 168 1526 ³
219 1497 376 1554 coepit,
413 1503 458 1539 et
492 1498 659 1548 vulnus,
699 1497 821 1555 quod
851 1504 1031 1553 stupens
1053 1496 1074 1522 ⁶
1103 1493 1248 1538 adhuc
1280 1496 1402 1538 dolo-

0 1552 128 1610 ''trem
165 1585 258 1611 non
293 1577 508 1618 moverat,
549 1569 735 1626 frigente
769 1567 976 1625 sanguine
1010 1567 1235 1610 intumuit.
1300 1568 1401 1610 Lin-

0 1641 108 1698 zqui
149 1641 305 1683 deinde
356 1642 519 1692 animo,
570 1649 615 1683 et
648 1639 846 1683 submitti
887 1654 1002 1696 genu
1043 1640 1208 1697 coepit:
1248 1657 1350 1682 cum
1376 1642 1396 1668 9

0 1714 14 1755 l
33 1712 220 1771 proximi
251 1721 482 1770 exceptum
515 1713 561 1755 in
589 1721 728 1756 castra
760 1718 1038 1768 receperunt.
1096 1713 1156 1753 Et
1185 1712 1306 1754 Betis
1335 1713 1398 1754 in-

0 1757 15 1846 »Ξ
33 1785 267 1828 terfectum
296 1792 416 1827 ratus
442 1785 601 1827 urbem
633 1800 767 1827 ovans
794 1783 975 1825 victoria
1005 1784 1179 1840 repetit.

0 1845 21 1959 Ὗ.
111 1859 170 1908 At
203 1857 470 1908 Alexander,
523 1857 727 1898 nondum
770 1864 1004 1914 percurato
1042 1856 1233 1908 vulnere,
1274 1860 1459 1914 agge-28

0 1945 152 1981 irem,
194 1944 284 1987 quo
332 1929 563 1971 moenium
609 1927 888 1970 altitudinem
934 1935 1161 1985 aequaret,
1198 1930 1397 1980 extruxit,

0 2054 9 2062 ὦ
36 2001 349 2060 pluribusque⁸
381 2002 594 2045 cuniculis
625 2016 778 2042 muros
801 2001 950 2042 subrui
982 2000 1113 2042 iussit.
1170 2000 1396 2058 Oppidani

40 2073 94 2116 ad
137 2073 372 2130 pristinum
418 2073 638 2131 fastigium
684 2073 914 2115 moenium
958 2088 1126 2114 novum
1171 2080 1395 2115 extruxere

37 2146 376 2196 munimentum,
406 2145 482 2186 sed
522 2161 577 2187 ne
616 2146 661 2188 id
691 2145 867 2203 quidem
912 2153 1053 2186 turres
1085 2145 1226 2200 aggeri
1254 2144 1396 2202 impo-

4 2190 137 2333 Yiitas
163 2224 340 2274 poterat
376 2218 615 2274 aequare.9
683 2219 837 2274 Itaque
879 2216 1089 2258 interiora
1119 2231 1297 2274 quoque
1326 2232 1397 2258 ur-

42 2289 107 2331 bis
138 2289 289 2331 infesta
329 2289 425 2331 telis
465 2296 603 2333 erant.
660 2289 826 2345 Ultima
856 2289 989 2345 pestis
1017 2288 1137 2330 urbis
1164 2288 1249 2330 fuit
1276 2289 1398 2332 cuni-

0 2345 137 2419 ¹*lculo
165 2363 366 2404 subrutus
395 2378 559 2408 murus.
590 2377 670 2418 per
698 2362 820 2404 cuius
851 2361 997 2402 ruinas
1034 2360 1170 2403 hostis
1201 2360 1392 2403 intravit.

19 2422 238 2483 lDucebat
266 2434 357 2492 ipse
384 2449 460 2476 rex
489 2433 805 2490 antesignanos,
835 2441 879 2474 et
898 2433 1003 2475 dum
1020 2433 1236 2476 incautius
1264 2434 1393 2483 subit,

21 2496 23 2523 1

21 2537 27 2573 ἧι

23 2619 60 2668 ΙΙ
83 2621 428 2668 gladiobarbarus.
546 2620 566 2646 2
591 2621 682 2667 quia
705 2630 917 2666 numquam
942 2625 1035 2654 tam
1059 2620 1135 2654 alte
1161 2627 1392 2667 penetrasse.

124 2674 144 2704 3
171 2686 256 2710 nec.
321 2677 344 2709 4
367 2676 508 2710 absunt
533 2675 626 2709 haec
660 2678 742 2709 tria
766 2675 895 2709 uerba.
963 2676 983 2703 5
1007 2675 1134 2708 latius.
1197 2674 1218 2699 ⁶
1246 2686 1390 2709 recens.

126 2728 143 2757 7
173 2741 300 2775 quem.
505 2730 522 2758 8
544 2737 580 2763 et
604 2729 792 2775 pluribus.
992 2730 1012 2755 9
1042 2739 1206 2773 aequare
1229 2736 1393 2776 poterat.

1030 2789 1127 2831 E2
