1703 2961
437 97 520 140 DE
563 95 775 141 GESTIS
802 96 971 140 ALEX.
1001 97 1054 148 V,
1084 98 1151 139 22.
1411 97 1493 142 135

130 210 272 267 ipsum
303 208 448 251 adhuc
476 215 754 266 aggerentem
787 208 918 251 faces.
975 208 1150 252 Omissa
1185 207 1324 265 igitur,
1352 222 1487 266 quam

127 288 422 338 portaverant,
456 295 580 338 aqua,
602 285 614 306 ¹
649 280 819 323 aridam
848 280 1117 321 materiem²
1151 281 1195 321 in
1228 280 1484 323 incendium

127 353 267 396 iacere
297 360 551 409 coeperunt.

75 433 95 462 8
206 424 337 467 Hunc
374 425 537 467 exitum
573 423 730 465 habuit
769 423 884 480 regia
926 424 1060 466 totius
1098 423 1318 474 Orientis,
1360 424 1543 467 unde23

120 502 191 538 tot
229 504 379 554 gentes
418 496 579 537 antea³
624 496 718 536 iura
749 496 981 552 petebant,
1021 495 1161 553 patria
1204 502 1274 537 tot
1311 510 1480 552 regum,

119 567 274 610 unicus
303 568 528 625 quondam
557 565 767 609 Graeciae
799 575 955 619 terror,
985 567 1135 609 molita
1165 567 1282 608 mille
1300 567 1479 610 navium

120 638 306 681 classem
349 647 393 682 et
439 639 668 689 exercitus,
707 639 863 696 quibus
908 641 1090 696 Europa
1139 639 1350 681 inundata
1399 646 1478 688 est,

121 711 405 754 contabulato
434 711 545 753 mari
587 711 790 762 molibus,
830 711 1123 769 perfossisque
1162 711 1401 762 montibus,
1431 711 1477 753 in

10 800 11 803 ¹
62 794 88 826 9
121 798 314 839 quorum
351 799 505 840 specus
538 782 704 825 fretum
742 784 988 827 immissum
1022 791 1098 825 est.
1168 783 1234 826 Ac
1260 799 1316 825 ne
1344 784 1476 826 tam⁴

118 855 246 912 longa
289 856 469 913 quidem
509 863 665 906 aetate,
694 871 806 914 quae
835 855 1052 898 excidium
1082 855 1173 898 eius
1210 863 1358 899 secuta
1398 861 1475 906 est,

116 928 362 970 resurrexit.
440 929 559 970 Alias
607 929 736 970 urbes
784 928 978 969 habuere
1010 927 1314 971 Macedonum
1340 942 1476 985 reges,

115 1016 222 1058 quas
261 1016 381 1043 nunc
418 1000 587 1042 habent
617 1000 785 1043 Parthi:
817 1000 947 1042 huius
981 999 1211 1057 vestigium
1239 1015 1334 1043 non
1360 1000 1477 1041 inve-

115 1073 298 1124 niretur,
336 1073 419 1115 nisi
453 1073 616 1114 Araxes
657 1072 798 1114 amnis
836 1071 1101 1114 ostenderet.
1160 1070 1292 1113 Haud
1317 1068 1476 1127 procul

114 1145 350 1188 moenibus
385 1145 592 1186 fluxerat:
630 1144 732 1185 inde
770 1143 928 1185 urbem
966 1142 1098 1185 fuisse
1134 1156 1198 1186 xx
1231 1142 1378 1185 stadiis
1415 1141 1477 1183 di-

0 1205 3 1256 l
59 1224 310 1260 10stantem
351 1218 540 1261 credunt
576 1216 731 1273 magis,
773 1231 908 1274 quam
945 1215 1105 1264 sciunt,
1145 1214 1335 1259 accolae.
1394 1212 1479 1255 Pu-

116 1277 250 1332 debat
274 1288 559 1336 Macedones,
590 1295 682 1329 tam
720 1289 993 1345 praeclaram
1022 1288 1180 1330 urbem
1210 1303 1232 1329 a
1263 1300 1478 1329 comessa-

114 1362 267 1404 bundo
297 1377 396 1418 rege
427 1360 616 1402 deletam
646 1375 751 1401 esse.
809 1362 962 1418 Itaque
991 1376 1060 1402 res
1086 1361 1132 1402 in
1162 1360 1322 1402 serium
1353 1373 1477 1400 versa

114 1441 192 1484 est,
222 1441 266 1475 et
298 1433 626 1489 imperaverunt
655 1432 749 1482 sibi,
775 1439 824 1474 ut
846 1433 1080 1475 crederent
1096 1432 1168 1474 illo
1194 1431 1477 1489 potissimum

63 1505 261 1547 11modo
289 1505 417 1547 fuisse
446 1503 691 1547 delendam.
756 1504 919 1560 Ipsum,
953 1512 1004 1546 ut
1029 1505 1226 1561 primum
1251 1511 1477 1560 gravatam

115 1577 327 1619 ebrietate
365 1585 565 1618 mentem
609 1575 730 1632 quies
765 1575 968 1628 reddidit,
998 1576 1263 1634 poenituisse
1290 1582 1476 1627 constat,

116 1656 162 1690 et
198 1648 366 1700 dixisse,
413 1649 602 1690 maiores
642 1661 809 1702 poenas
852 1647 1033 1691 Graecis
1068 1647 1251 1689 Persas⁵
1295 1648 1476 1690 daturos

112 1720 255 1771 fuisse,
296 1720 330 1762 si
367 1719 511 1776 ipsum
550 1719 595 1761 in
626 1718 733 1760 solio
771 1719 974 1776 regiaque
1006 1719 1156 1761 Xerxis
1184 1719 1475 1776 conspicere⁶

54 1805 101 1828 12
116 1791 257 1834 coacti
288 1798 443 1833 essent.
506 1790 690 1832 Postero
730 1792 800 1834 die
836 1791 988 1849 Lycio,
1013 1791 1191 1842 itineris,
1221 1807 1308 1850 quo
1340 1790 1478 1835 Persi-

113 1864 216 1906 dem
247 1864 500 1911 intraverat‚
524 1862 641 1911 duci,
675 1876 756 1905 xxx
781 1863 946 1905 talenta
976 1864 1096 1906 dono
1130 1864 1264 1906 dedit.

198 1936 312 1978 Hinc
344 1935 389 1976 in
419 1935 647 1992 regionem
672 1936 849 1978 Mediae
879 1935 1064 1983 transiit,
1096 1936 1171 1977 ubi
1201 1935 1480 1992 supplemen-

112 2014 211 2049 tum
240 2022 460 2049 novorum
491 2023 514 2049 e
556 2006 710 2050 Cilicia
738 2008 966 2049 militum⁷
1003 2007 1210 2050 occurrit.
1271 2006 1479 2049 Peditum

116 2087 243 2121 erant
272 2078 465 2137 quinque
490 2079 634 2129 milia,
672 2081 839 2138 equites
878 2079 1018 2121 mille:
1055 2079 1251 2136 utrisque
1282 2078 1474 2120 Platon8

114 2151 394 2193 Atheniensis
421 2159 635 2208 praeerat.
690 2153 766 2195 His
798 2153 936 2209 copiis
964 2158 1130 2202 auctus,
1154 2152 1353 2195 Dareum
1382 2166 1480 2209 per·

115 2224 237 2281 sequi
266 2223 432 2266 statuit.

20 2335 108 2367 vm.
205 2324 280 2366 Ille
311 2323 400 2365 iam
428 2324 657 2368 Ecbatana
688 2330 962 2383 pervenerat,
1002 2331 1136 2382 caput
1167 2323 1342 2366 Mediae
1371 2321 1539 2368 urbs24

118 2493 137 2518 1
162 2491 326 2527 additur
352 2496 393 2528 in
417 2494 530 2530 libris
553 2508 643 2531 mss.
671 2496 769 2541 igni.
923 2495 944 2520 ²
969 2496 1180 2530 materiam.
1330 2492 1351 2524 3
1377 2499 1478 2527 ante·

206 2547 229 2576 4
253 2545 373 2581 abest.
615 2550 635 2580 ⁵
658 2551 788 2585 Persas
817 2548 987 2584 Graecis.
1230 2547 1252 2575 ⁶
1274 2548 1476 2595 respicere.

213 2599 232 2628 7
254 2600 421 2636 militum
447 2613 470 2638 e
495 2603 648 2645 Cilicia,
851 2603 870 2632 8
893 2604 1015 2638 Plato.
