1703 2961
455 134 536 177 DE
561 132 772 179 GESTIS
801 133 971 179 ALEX.
998 133 1070 183 IX,
1100 134 1166 176 30.
1409 133 1487 174 331

76 292 78 294 ,
130 248 233 292 ximi
251 247 421 289 flumini
437 247 706 304 (frequentes
730 252 877 287 autem
895 246 1027 295 vicos,
1041 246 1230 287 maxime
1249 245 1291 286 in
1311 245 1405 301 ripa
1417 243 1493 285 ha-

130 320 314 372 bebant)
346 327 396 361 ut
420 319 566 360 videre
591 324 735 359 totum
768 332 958 366 amnem,
979 332 1063 373 qua
1086 317 1274 373 prospici
1303 323 1489 372 poterat,

128 391 306 446 navigiis
340 397 627 436 constratum,
664 396 709 430 et
748 396 815 430 tot
852 389 1074 429 militum¹
1109 403 1229 429 arma
1260 388 1486 444 fulgentia,

128 463 269 504 territi
297 478 410 504 nova
452 454 578 510 facie,
623 460 810 501 deorum
844 460 1094 510 exercitum,
1135 468 1178 501 et
1205 460 1336 500 alium
1364 461 1489 501 Libe-

127 549 228 575 rum
269 535 457 582 Patrem,
494 533 663 574 celebre
702 531 745 572 in
786 531 864 572 illis
893 532 1093 587 gentibus
1123 547 1301 581 nomen,
1332 532 1488 572 adven-

73 613 97 641 6
126 614 220 647 tare
252 606 503 648 credebant.
558 604 670 644 Hinc
698 603 886 643 militum
920 603 1099 653 clamor,
1127 602 1228 644 hinc
1259 605 1485 643 remorum

126 678 274 734 pulsus
329 678 558 733 variaeque
583 681 821 716 nautarum
855 690 984 715 voces
1005 675 1279 716 hortantium
1309 675 1488 731 pavidas

78 763 93 788 7
129 764 256 799 aures
293 748 594 805 impleverant.
658 746 776 803 Ergo
820 747 1007 788 universi
1049 747 1105 788 ad
1136 763 1221 797 eos,
1251 747 1322 804 qui
1351 747 1395 788 in
1424 761 1489 787 ar-

125 821 209 862 mis
249 828 386 869 erant,
427 826 623 866 currunt,
656 817 802 859 furere
838 819 1124 869 clamitantes,
1166 822 1243 861 et²
1279 806 1380 861 cum
1410 818 1489 859 diis

126 891 347 949 proelium
389 891 592 932 inituros:
633 890 798 947 navigia
830 906 921 932 non
953 907 1078 946 posse
1108 891 1348 939 numerari,
1375 906 1487 948 quae

124 963 310 1005 invictos
349 962 503 1004 vivos³
546 961 768 1003 veherent.
835 964 1118 1020 Tantumque
1164 964 1209 1004 in
1246 964 1486 1005 exercitum

124 1050 307 1076 suorum
348 1034 533 1076 intulere
563 1033 757 1084 terroris,
785 1041 834 1075 ut
860 1033 1023 1090 legatos
1055 1035 1282 1076 mitterent
1310 1042 1486 1091 gentem

126 1107 365 1148 dedituros.

74 1192 90 1218 3
206 1178 284 1218 His
314 1177 358 1217 in
387 1176 522 1218 fidem
554 1176 757 1232 acceptiS,
790 1176 845 1218 ad
878 1177 980 1218 alias
1004 1178 1160 1219 deinde
1181 1185 1330 1235 gentes
1359 1179 1544 1236 quar-31

120 1256 168 1291 to
181 1249 250 1290 die
272 1248 484 1305 pervenit.
523 1247 670 1289 Nihilo
691 1248 786 1303 plus
807 1248 940 1288 animi
960 1248 1025 1290 his
1045 1249 1140 1300 suit,
1172 1266 1304 1306 quam
1332 1252 1486 1293 ceteris

120 1321 280 1366 fuerat.
339 1322 494 1376 Itaque
523 1319 687 1375 oppido
721 1319 779 1359 ibi
813 1321 1007 1370 condito,
1036 1322 1154 1377 quod
1177 1322 1485 1364 Alexandriam

123 1391 328 1448 appellari
357 1391 550 1439 iusserat,
583 1389 688 1431 fines
722 1406 889 1441 eorum,
923 1393 996 1449 qui
1021 1394 1236 1434 Musicani
1268 1395 1487 1450 appellan-

72 1482 91 1511 9
123 1471 210 1510 tur,
237 1462 427 1505 intravit.
487 1459 592 1503 Hic*
608 1462 661 1503 de
693 1463 888 1504 Teriolte
919 1471 1104 1520 satrape,
1137 1482 1269 1522 quem
1303 1467 1487 1524 Parapa-

123 1536 300 1576 misadis
329 1534 612 1590 praefecerat,
643 1533 796 1575 iisdem
821 1537 1100 1592 arguentibus
1122 1539 1344 1593 cognovit:
1377 1540 1488 1580 mul-

123 1615 256 1664 taque
306 1620 433 1647 avare
484 1622 534 1647 ac
587 1607 772 1662 superbe
812 1607 963 1649 secisse
1006 1610 1260 1651 convictum
1298 1612 1484 1653 interfici

68 1679 255 1723 ioiussit.
317 1678 581 1735 Oxyartes‚4
614 1686 793 1734 praetor
820 1681 1172 1730 Bactrianorum,
1193 1698 1284 1722 non
1317 1683 1486 1724 absolu-

124 1760 193 1795 tus
221 1751 372 1801 modo,
414 1750 489 1790 sed
528 1749 661 1791 etiam
698 1750 790 1792 iure
824 1752 1016 1793 anioris⁵
1055 1754 1278 1809 amplioris
1313 1755 1485 1812 imperii

125 1825 316 1879 donatus
353 1828 417 1863 est
452 1820 623 1863 finibus.
704 1823 943 1864 Musicanis
985 1825 1142 1866 deindo¹
1175 1828 1219 1866 in
1263 1826 1486 1868 dicionem

124 1896 327 1944 redactis,
359 1893 456 1937 urbi
485 1909 639 1934 eorum
670 1895 937 1951 praesidium
968 1897 1189 1954 imposuit.

68 1989 109 2012 11
205 1967 314 2009 Inde
344 1966 556 2016 Praestos,
588 1974 631 2008 et
660 1967 799 2023 ipsam
823 1968 972 2009 indiae
1004 1979 1193 2025 gentem,
1224 1979 1486 2026 perventum

126 2047 203 2082 est.
259 2038 552 2080 Porticanus⁶
593 2053 668 2080 rex
701 2047 806 2087 erat,
843 2041 916 2095 qui
947 2056 990 2082 se
1028 2043 1224 2083 munitae
1254 2043 1351 2082 urbi
1385 2059 1486 2084 cum

123 2126 284 2168 magna
314 2125 450 2151 manu
475 2110 757 2166 popularium
785 2112 1031 2154 incluserat.
1086 2115 1212 2156 Hanc
1242 2114 1488 2155 Alexander

71 2183 256 2229 12tertio
296 2182 377 2230 die,
418 2197 552 2238 quam
591 2192 799 2241 coeperat
838 2185 1062 2236 obsidere,
1104 2187 1374 2244 expugnavit.
1428 2187 1488 2227 Et

124 2255 400 2304 Porticanus,
431 2270 533 2296 cum
565 2255 610 2296 in
640 2270 788 2304 arcem
813 2257 1086 2315 confugisset,
1111 2259 1274 2316 legatos
1306 2259 1360 2300 de
1385 2275 1488 2301 con-

128 2449 146 2473 1
174 2448 352 2484 millium.
489 2451 510 2476 2
534 2450 656 2486 abest.
857 2453 878 2484 3
903 2454 1025 2489 abest.
1235 2456 1258 2485 4
1284 2455 1485 2489 Oxathres.

217 2503 236 2531 5
263 2503 381 2544 abest,
413 2507 729 2552 interpunctione
770 2510 922 2542 maiore
953 2512 1042 2552 post
1066 2509 1183 2543 verba
1226 2509 1389 2543 donatus
1433 2517 1489 2543 est

213 2560 355 2603 posita.
558 2559 578 2585 6
607 2561 821 2606 Oxycanus,
850 2564 946 2596 icem
968 2573 1069 2609 posc-
