1703 2961
434 116 516 157 DE
547 113 753 156 GESTIS
783 114 950 156 ALEX.
975 116 1049 164 IV,
1080 112 1146 155 lis).
1405 117 1462 157 93

108 243 203 269 nere
230 230 388 282 paret?
445 228 628 269 Hercule
655 236 808 267 vocum
838 243 971 266 meum
996 228 1212 280 implevit.
1270 229 1356 269 Sed
1385 229 1459 268 lm·

107 302 175 340 ius
210 300 382 340 consilii
430 312 585 354 postea
626 314 790 355 quoque
836 302 979 340 racio¹
1022 300 1248 340 reddetur:
1285 316 1367 342 vos
1399 303 1461 340 ice

2 418 4 429 Ι
107 374 167 413 ad
201 375 365 426 copias,
403 373 555 426 quibus
589 374 766 428 quisque
803 381 985 424 praeest.
1054 374 1155 426 Ego
1190 375 1278 412 iam
1316 375 1461 422 adero,

0 493 2 503 y
43 454 148 486 2⁵05
188 446 295 500 quid
317 444 428 501 fieri
464 446 591 485 velim
641 460 867 498 exponam.
934 444 1052 484 Raro
1104 444 1347 484 admodum
1390 445 1463 484 ad-

104 516 278 556 monitu
327 516 462 571 magis
487 518 506 540 ²
558 515 825 564 amicorum,
865 531 996 572 quam
1036 523 1158 556 metu
1203 515 1463 557 discriminis

105 586 292 628 adeundi
319 588 334 615 ³
377 587 557 629 thorace
582 591 604 615 4
644 587 706 628 uti
747 587 926 636 solebat,
968 596 1073 629 tunc
1117 602 1291 645 quoque
1320 585 1463 628 muni-

103 667 253 700 mento
293 659 490 715 corporis
529 666 706 716 sumpto
748 660 958 715 processit
997 659 1051 700 ad
1092 659 1261 702 milites.
1331 658 1462 699 Haud

103 731 204 771 alias
234 737 327 771 tam
369 731 556 772 alacrem
597 731 796 772 viderant
838 745 1004 785 regem:
1047 738 1090 772 et
1125 730 1246 772 vultu
1282 730 1372 771 cius
1401 730 1463 770 in-

102 802 257 844 territo
289 810 455 844 certam
482 818 604 859 spem
636 802 844 843 victoriae
871 804 1205 859 augurabantur.

39 883 90 912 26
185 875 330 931 Atque
362 875 431 916 ille
460 881 644 932 proruto
670 876 686 902 ⁵
720 874 829 915 vallo
847 874 959 915 exire
991 875 1280 932 copiasiubet‚
1302 874 1524 921 aciem-50

103 962 188 1003 quc
227 947 429 1003 disponit.
517 947 567 987 In
609 946 760 987 dextro
797 961 936 987 cornu
976 945 1106 986 locati
1144 953 1246 986 sunt
1282 945 1460 1002 equites,

105 1033 213 1074 quos
244 1033 392 1073 agema
421 1018 655 1074 appellant.
722 1018 928 1058 Praeerat
966 1015 1032 1058 his
1071 1016 1231 1058 Clitus:
1270 1017 1337 1058 cui
1369 1017 1463 1058 iun-

101 1089 162 1129 xit
200 1088 392 1129 Philotae
439 1096 625 1139 turmas,
677 1096 930 1146 ceterosque
971 1088 1219 1144 praefectos
1261 1089 1461 1146 equitum

39 1159 220 1202 27lateri
272 1160 362 1201 eius
415 1161 635 1217 applicuit.
722 1161 886 1201 Ultima
929 1160 1136 1216 Meleagri
1183 1161 1249 1202 ala
1297 1161 1460 1202 stabat:

102 1247 235 1288 quam
273 1229 460 1288 phalanx
500 1230 773 1288 sequebatur.
844 1233 946 1273 Post
987 1232 1249 1289 phalangem
1276 1233 1462 1291 Argyra-

101 1303 244 1360 spides
272 1311 417 1344 erant:
446 1302 514 1344 his
539 1303 750 1350 Nicanor,
776 1302 1077 1346 Parmenionis
1090 1304 1213 1355 filius,
1242 1314 1457 1362 praeerat.

40 1378 156 1416 2811!
196 1375 394 1416 subsidiis
437 1389 539 1416 cum
567 1389 700 1414 manu
733 1389 806 1415 sua
839 1373 1034 1417 Coenos:
1090 1385 1192 1433 post
1223 1393 1324 1419 eum
1356 1381 1461 1420 Ore-

102 1455 192 1488 stae
218 1447 545 1502 Lyncestaeque
572 1448 592 1472 ⁶
625 1454 744 1488 sunt:
763 1451 780 1473 ⁷
810 1454 911 1503 post
939 1444 1032 1489 illos
1056 1449 1346 1506 Polypercon,
1374 1451 1461 1494 dux

103 1519 317 1576 peregrini
345 1517 503 1559 militis.
570 1517 710 1559 Huius
751 1518 934 1574 agminis
963 1519 1167 1577 princeps
1196 1522 1411 1576 Amyntas
1437 1521 1454 1549 ³

103 1598 215 1633 crat:
254 1589 476 1646 Philippus
512 1589 682 1631 Balacri
724 1593 839 1630 eos-⁹
879 1591 1079 1647 regebat,
1118 1592 1163 1633 in
1202 1594 1460 1636 societatem

40 1678 87 1709 29
105 1676 245 1718 nuper
282 1658 452 1704 ascitus.
467 1663 525 1722 ‘¹0
597 1661 717 1703 Haec
757 1661 892 1702 dextri
934 1666 1152 1705 cornus¹1
1186 1664 1317 1706 facies
1349 1675 1458 1711 erat.

102 1736 152 1775 In
200 1733 320 1774 laevo
371 1729 578 1774 Craterus
608 1732 1006 1789 Peloponnensium
1038 1736 1205 1793 equites
1251 1737 1457 1790 habebat,

101 1804 382 1848 Achaeorum
409 1805 452 1829 ¹²
485 1810 529 1845 et
556 1804 854 1856 Locrensium,
895 1815 937 1848 et
966 1807 1147 1849 Maleon
1181 1810 1338 1851 turmis
1377 1810 1458 1853 sihi

103 1876 329 1919 adiunctis.
397 1874 490 1917 Hos
528 1871 721 1919 Thessali
758 1879 923 1936 equites
957 1880 1227 1931 claudebant,
1253 1882 1458 1940 Philippo

39 1966 86 1993 30
100 1950 222 1991 duce.
278 1948 483 1990 Peditum
516 1949 628 1990 acies
655 1946 850 2007 equitatu
878 1953 1118 2008 tegebatur.
1176 1953 1317 1994 Frons
1346 1951 1457 1996 laevi

102 2035 260 2062 cornus
283 2018 393 2061 haec
421 2028 525 2064 erat.
603 2021 689 2063 Sed
725 2038 779 2063 ne
821 2022 1042 2065 circumiri
1080 2033 1227 2081 posset
1257 2041 1280 2066 a
1312 2027 1458 2067 multi⁴

98 2090 261 2143 tudine,
292 2092 494 2133 ultimum
533 2108 689 2149 agmen
730 2094 869 2136 valida
907 2111 1044 2137 manu
1081 2096 1286 2138 cinxerat.
1347 2096 1458 2140 Cor-

100 2225 117 2249 1
145 2223 258 2257 huius
287 2232 441 2270 quoque
466 2223 619 2258 consilii
647 2225 742 2259 ratio
775 2232 921 2271 postea.
1016 2224 1036 2251 2
1061 2226 1122 2261 De
1144 2230 1302 2263 corz'iect.
1331 2227 1453 2265 codd.

187 2289 312 2324 agens.
380 2279 398 2307 3
423 2277 472 2312 de
496 2282 654 2313 coniecc.
685 2277 799 2311 codd.
831 2279 1063 2314 adeundum.
1129 2283 1150 2313 4
1174 2285 1268 2316 icem
1293 2283 1341 2317 de
1366 2297 1452 2318 con-

187 2334 273 2366 iecc.
301 2331 421 2367 Codd.
449 2339 539 2366 erat.
592 2333 711 2366 Tocw
735 2331 838 2366 locus
859 2335 912 2366 sic
938 2334 1032 2380 vulg.
1062 2335 1233 2381 legitur.-
1258 2339 1361 2371 Raro
1389 2339 1454 2372 ad⁴

188 2387 345 2420 modum
376 2385 576 2419 admonitu
614 2386 837 2426 amicorum,
875 2399 961 2420 cum
986 2396 1105 2423 metus
1135 2390 1364 2425 discriminis
1389 2393 1454 2426 ada

189 2446 280 2482 erat,
303 2438 357 2473 uti
382 2440 540 2473 solebat.
613 2441 633 2467 5
660 2447 857 2486 prorupm.
934 2441 955 2466 ὅ
980 2443 1131 2477 Orestes
1158 2445 1452 2492 Lyncestesque.

188 2494 206 2521 7
235 2493 354 2527 abest.
438 2494 457 2521 8
481 2495 563 2527 Am.
591 2495 782 2539 princeps,
858 2495 878 2521 9
904 2495 1080 2544 Philagus
1105 2499 1297 2532 Balacros.
1329 2499 1451 2534 codd.

188 2556 286 2590 opcc.
312 2547 505 2592 phaligrus
537 2548 690 2582 Baracri
720 2559 783 2580 eos
808 2549 1000 2594 regebant.
1142 2553 1185 2576 10
1209 2554 1271 2586 De
1297 2557 1453 2590 coniect.

187 2601 335 2635 ascitos.
396 2602 435 2625 11
459 2613 590 2644 cornu,
617 2611 654 2636 ec
677 2605 730 2635 sic
751 2602 873 2647 paulo
894 2613 993 2648 post.
1056 2605 1097 2630 12
1120 2606 1450 2653 Achaeorumque.
