1703 2961
229 131 311 177 294
675 128 734 186 Q.
769 127 977 171 CURTu
1003 125 1144 169 RUFI

235 246 361 295 sitos;
392 244 564 302 aurigae
591 248 718 286 erant
737 241 913 291 ceteri‚¹
948 239 1069 282 haud
1090 252 1193 280 sane
1210 237 1412 288 inermes,
1436 235 1596 294 quippe

238 317 378 360 iacula
411 316 653 373 complura,
682 315 758 357 ubi
787 312 987 356 cominus
1009 310 1317 369 proeliandum
1343 316 1449 358 erat,
1468 308 1598 350 omis-

241 390 296 432 sis
323 388 518 439 habenis,
559 389 604 431 in
643 387 819 430 hostem
856 384 1128 441 ingerebant.
1202 381 1414 425 Ceterum
1440 381 1510 422 vix
1539 379 1601 421 ul-
1628 395 1654 422 4

241 462 307 514 lus
332 476 433 504 usus
463 460 591 503 huius
615 460 754 502 auxilii
793 473 846 500 eo
878 457 947 498 die
978 455 1073 497 fuit.
1147 455 1364 510 Namque,
1396 460 1446 494 ut
1470 466 1600 508 supra

245 535 415 577 dictum
448 540 524 585 est,
557 534 700 576 imber
725 529 953 574 violentius
986 543 1121 585 quam
1145 526 1246 568 alias
1275 526 1395 566 fusus
1425 538 1603 579 campos

243 606 436 648 lubricos
477 613 519 648 et
547 603 848 663 inequitabiles
889 602 1076 651 fecerat3
1111 613 1346 656 gravesque
1378 603 1422 638 et
1448 610 1606 653 prope-

246 678 434 720 modum
461 677 710 719 immobiles
737 689 888 718 currus
918 673 1060 715 illuvie
1090 674 1175 712 ac²
1202 669 1483 727 voraginibus
1508 667 1608 709 hae-

248 750 419 795 rebant.
489 752 653 792 Contra
693 747 939 791 Alexander
979 742 1177 799 expedito
1217 757 1267 784 ac
1323 741 1403 782 levi
1435 739 1607 796 agmine
1639 753 1692 794 sj,

249 830 425 865 strenue
457 822 655 865 invectus
683 828 762 864 est.
813 818 1002 877 Scythae
1030 824 1074 857 et
1090 815 1244 857 Dahae
1260 812 1389 869 primi
1409 812 1610 853 omnium

250 896 443 937 invasere
485 896 638 938 Indos:
674 892 934 936 Perdiccam
969 888 1125 932 deinde
1169 902 1272 929 cum
1313 884 1532 941 equitibus
1566 883 1612 924 in
1677 931 1680 934 ψ

251 967 453 1009 dextrum
495 981 637 1010 cornu
671 964 867 1008 hostium
902 960 1058 1004 emisit.
1118 960 1213 1002 Iam
1241 957 1435 1013 undique
1465 969 1612 1012 pugna
1643 961 1667 993 6

250 1054 296 1082 se
333 1046 554 1093 moverat3
595 1054 698 1081 cum
731 1037 829 1085 hi,³
863 1034 937 1093 qui
968 1047 1120 1076 currus
1154 1030 1358 1086 agebant,
1385 1027 1490 1069 illud
1521 1026 1617 1068 ulti·

253 1126 380 1153 mum
411 1111 617 1154 auxilium
646 1125 830 1154 suorum
860 1106 954 1156 rati,
986 1103 1134 1146 effusis
1157 1101 1342 1144 habenis
1357 1100 1403 1142 in
1418 1099 1615 1141 medium
1674 1129 1679 1158 ⁸.

255 1183 490 1226 discrimen
532 1199 661 1226 ruere
701 1185 960 1238 coeperunt.
1015 1177 1191 1232 Anceps
1219 1174 1264 1216 id
1294 1174 1463 1214 malum
1491 1171 1617 1212 utris·
1648 1183 1677 1212 7

255 1271 341 1313 que
381 1263 495 1297 erat:
533 1271 638 1297 nam
676 1261 721 1297 et
746 1251 1050 1295 Macedonum
1079 1247 1249 1304 pedites
1277 1245 1422 1301 primo
1450 1245 1618 1298 impetu

256 1328 588 1378 obterebantur,
625 1334 671 1369 et
706 1340 787 1383 per
811 1323 979 1367 lubrica
1011 1327 1142 1378 atque
1167 1317 1281 1359 invia
1314 1316 1492 1357 immissi
1525 1331 1621 1358 cur·
1674 1308 1682 1340 {¹

255 1415 329 1443 rus
376 1399 657 1443 excutiebant
707 1413 804 1449 (308,
845 1411 869 1438 a
912 1394 1070 1454 quibus
1109 1389 1395 1446 regebantur3
1435 1388 1622 1430 aliorum
1652 1392 1684 1428 ε

255 1472 422 1516 turbati
463 1471 562 1530 equi
596 1486 690 1513 non
726 1470 773 1514 in
814 1467 1042 1524 voragines
1069 1461 1206 1505 modo
1239 1461 1518 1517 lamnasque,
1548 1459 1623 1501 sed

259 1545 393 1587 etiam
425 1544 471 1587 in
500 1559 679 1586 amnem
713 1540 1059 1600 praecipitavere
1095 1533 1332 1583 curricula13
1364 1531 1494 1589 pauci
1527 1530 1622 1572 telis

259 1617 457 1660 hostium
485 1617 661 1659 exacti⁴
700 1621 986 1672 penetravere
1024 1608 1079 1651 ad
1108 1607 1276 1649 Porum
1306 1604 1518 1647 acerrime
1549 1620 1627 1661 pu·
1679 1620 1681 1622 ·

262 1705 396 1749 gnam
428 1689 632 1733 cientem.
1672 1723 1676 1732 Ι

199 1763 254 1807 48
347 1765 403 1812 Is,
429 1772 478 1807 ut
510 1763 737 1819 dissipatos
766 1765 860 1800 tota
891 1755 985 1798 acie
1015 1765 1168 1796 currus
1191 1748 1338 1806 vagari
1367 1747 1460 1790 sine
1487 1754 1629 1789 recto·
1688 1759 1690 1761 ’

263 1837 383 1879 ribus
415 1836 532 1887 vidit,
572 1832 782 1893 proximis
817 1827 1065 1871 amicorum
1103 1821 1326 1866 distribuit
1358 1819 1629 1878 elephantos,

265 1911 372 1952 Post
411 1924 487 1951 eos
523 1911 732 1965 posuerat
770 1899 997 1961 peditem’
1045 1911 1096 1940 ac
1141 1892 1386 1950 sagittarios
1422 1900 1679 1950 tympanax¹

266 1983 438 2040 pulsare
480 1981 641 2023 solitos.
703 1975 755 2018 Id
791 1988 875 2032 pro
916 1977 1050 2015 cantu
1099 1967 1311 2009 tubarum
1355 1965 1475 2007 Indis
1514 1970 1630 2015 erat,
1675 1970 1680 2009 ji

269 2071 352 2101 nec
389 2053 574 2111 strepitu
614 2063 771 2092 eorum
806 2040 1122 2091 movebantur,
1159 2039 1265 2081 olim
1294 2037 1350 2080 ad
1382 2044 1539 2078 notum
1568 2051 1634 2078 so-
1676 2095 1678 2097 ι

269 2144 379 2170 num
417 2125 593 2169 auribus
632 2118 854 2177 mitigatis.
922 2112 1122 2157 Herculis
1156 2110 1439 2153 simulacrum
1469 2101 1679 2163 agminix

270 2200 470 2256 peditum
517 2191 864 2254 praeferebatur.
926 2187 981 2229 Id
1029 2184 1272 2227 maximum
1312 2188 1406 2223 erat
1442 2179 1679 2229 bellanti-

273 2275 355 2316 bus
385 2271 735 2315 incitamentum,
765 2270 810 2306 et
839 2259 1076 2304 deseruisse
1104 2262 1320 2314 gestantes
1345 2252 1532 2294 militare
1562 2251 1637 2292 Ha-

275 2344 427 2398 gitium
471 2329 729 2383 habebatur.
798 2332 965 2389 Capitis
1011 2329 1143 2372 etiarn
1177 2333 1407 2370 sanxerant
1445 2337 1683 2381 poenamr

277 2416 357 2468 his,
389 2414 463 2474 qui
494 2430 543 2455 ex
573 2410 664 2453 acie
705 2423 795 2450 non
838 2403 1115 2451 rettulissent,
1154 2405 1290 2448 metu,
1327 2411 1461 2453 quem
1491 2410 1540 2436 cx
1567 2393 1639 2434 illo

281 2595 297 2619 ¹
324 2592 440 2628 ceteri
467 2590 619 2635 aurigae
644 2589 764 2620 erant.
888 2579 908 2605 2
937 2586 985 2614 et.
1104 2576 1122 2605 3
1152 2576 1193 2608 ii.
1327 2574 1348 2606 4
1374 2570 1487 2618 pauci
1513 2576 1642 2603 tamen

374 2647 541 2681 hostium
568 2650 678 2676 tenus
704 2638 837 2673 exacti.
978 2635 997 2662 5
1023 2631 1184 2678 pedites.
