1703 2961
396 151 476 192 DE
509 149 717 192 GEsrls
756 148 923 191 Amzx.
963 149 1031 197 ιιι,
1070 147 1134 186 28.
1386 146 1432 186 31

37 273 204 309 trstare
243 263 510 319 fugientibus
539 260 697 315 coepit.
764 260 891 300 Hand
920 259 1104 321 amplius
1134 271 1278 311 regem
1310 270 1440 312 quam

92 337 207 378 mille
247 336 412 392 equites
448 332 753 389 sequebantur,
791 346 892 372 cum
930 332 1078 383 ingens
1109 329 1340 371 multitudo
1366 328 1443 369 ho-

90 409 222 450 stium
245 407 431 449 caderet.
462 403 547 446 Sed
567 403 662 459 quis
683 404 821 444 autin
853 403 1041 451 victoria,
1068 409 1143 442 aut
1174 403 1217 443 in
1245 402 1346 456 suga
1373 415 1444 443 co-

92 481 183 538 pias
212 479 441 521 numerat?
469 475 725 531 Agebantur
751 490 852 530 ergo
883 490 905 516 a
936 482 1025 515 tam
1054 472 1202 529 paucis
1232 485 1445 527 pecorum

95 553 245 602 modo,
290 557 333 591 et
372 549 487 591 idem
529 554 685 597 metus,
718 547 791 603 qui
824 546 1010 601 cogebat
1041 545 1202 601 sugere,
1235 543 1448 598 fugientes

37 623 366 665 temorabatur.
431 623 490 662 At
529 618 702 664 Graeci,
742 618 814 674 qui
854 618 896 658 in
936 618 1066 658 Darei
1096 618 1292 673 partibus
1321 624 1446 658 stete-

97 703 207 745 rant,
245 695 436 750 Amynta
489 692 598 732 duce
648 694 845 746 (praetor
883 689 953 731 hic
985 690 1217 731 Alexandri
1247 690 1389 730 suerat
1414 693 1446 740 ¹,

96 775 201 809 tunc
224 769 245 792 ²
278 764 517 820 transfuga>
549 763 721 818 abrupti
754 777 777 803 a
811 763 976 811 ceteris,
1009 762 1124 803 haud
1155 778 1256 803 sane
1285 761 1448 818 fugien-

40 840 212 883 ¹9tibus
236 838 394 880 similes
422 843 657 878 evaserant.
700 833 883 876 Barbari
913 834 1038 889 longe
1071 834 1281 875 diversam
1298 834 1449 890 fugam

94 911 396 953 intenderunt:
434 909 515 958 alii,
556 923 640 965 qua
676 914 847 949 rectum
879 905 960 946 iter
991 906 1035 946 in
1067 906 1287 947 Persidem
1320 908 1450 949 duce*

96 983 186 1030 bat,
225 981 404 1039 quidam
446 981 631 1021 circuitu
661 993 802 1034 rupes,
829 980 846 1008 ³
880 977 1097 1033 saltusque
1127 979 1348 1019 montium
1378 994 1450 1022 ors

97 1054 237 1096 cultos
263 1053 467 1109 petivere,
496 1052 624 1108 pauci
657 1059 796 1093 castra
825 1049 973 1091 Darei.

40 1140 91 1164 20
181 1124 270 1165 Sed
295 1124 382 1164 iam
415 1123 481 1164 illa
509 1139 685 1180 quoque
713 1122 854 1163 victor
875 1124 898 1148 ⁴
931 1120 1177 1172 intraverat,
1214 1125 1333 1165 omni
1361 1126 1451 1182 qui-

98 1197 201 1238 dem
234 1195 454 1252 opulentia
493 1195 609 1237 ditia.
671 1198 826 1250 Ingens
858 1193 952 1233 auri
982 1195 1235 1252 argentique
1265 1197 1451 1252 pondus,

99 1283 191 1310 non
220 1267 334 1317 belli,
365 1268 440 1309 sed
477 1267 669 1309 luxuriae
690 1274 962 1323 apparatum,
995 1266 1265 1323 diripuerant
1280 1269 1450 1312 milites.

98 1339 302 1396 Cumque
331 1340 427 1395 plus
457 1347 672 1396 raperent,
703 1338 862 1395 passim
892 1346 1026 1379 strata
1060 1347 1184 1380 erant
1213 1340 1366 1382 itinera
1398 1344 1454 1383 vi-

94 1412 275 1453 lioribus
305 1411 497 1459 sarcinis,
528 1426 633 1469 quas
663 1411 708 1451 in
740 1410 1071 1466 comparatione
1102 1412 1336 1454 meliorum
1359 1430 1456 1457 ava-

41 1484 192 1525 21ritia
240 1490 577 1540 contempserat.
658 1485 838 1539 Iamque
874 1483 930 1523 ad
969 1482 1154 1525 feminas
1195 1495 1457 1542 perventum

102 1562 214 1596 erat:
249 1555 404 1611 quibus
444 1570 551 1612 quo⁴
573 1555 743 1597 cariora
783 1562 1045 1596 ornamenta
1085 1561 1199 1607 sunt,
1229 1559 1460 1605 violentius

103 1625 468 1673 detrahebantur,
501 1642 582 1668 nec
621 1626 881 1682 corporibus
917 1627 1094 1683 quidem
1137 1630 1198 1671 vis
1235 1647 1285 1674 ac
1325 1634 1459 1677 libido

36 1698 311 1755 22pareebat.
381 1697 545 1739 Omnia
587 1698 768 1754 planctu
810 1699 1103 1756 tumultuque,
1135 1711 1269 1758 prout
1300 1706 1456 1764 cuique

101 1770 277 1812 fortuna
307 1777 414 1818 erat,
433 1769 717 1825 repleverant,
743 1773 758 1797 ⁵
792 1786 874 1812 nee
906 1771 988 1813 ulla
1019 1772 1151 1815 facies
1178 1776 1278 1817 mali
1298 1778 1458 1831 deerat,

104 1858 207 1884 cum
236 1856 316 1898 per
345 1856 497 1882 omnes
528 1841 703 1883 ordines
739 1849 985 1900 aetatesque
1015 1844 1192 1886 victoris
1233 1851 1464 1895 erudelitas

24 1923 154 1959 ‘23ac
180 1912 353 1954 licentia
383 1920 621 1969 vagaretur.
688 1915 813 1957 Tunc
843 1930 945 1956 vero
976 1915 1230 1973 impotentis
1257 1920 1464 1967 fortunae

109 1985 274 2041 species
307 1985 499 2040 conspici
539 1986 695 2041 potuit,
739 2002 840 2029 cum
872 1987 915 2035 ii,
945 1987 1019 2044 qui
1052 2004 1154 2030 cum
1177 1992 1198 2015 ⁶
1228 1991 1378 2037 Dareo
1402 2004 1466 2039 ta-

108 2055 395 2099 bernaculum
435 2065 760 2108 exornaverant,
797 2059 919 2100 omni
950 2059 1051 2100 luxu
1081 2068 1123 2102 et
1152 2064 1373 2119 opulentia
1405 2069 1468 2110 in<

110 2135 338 2178 structum,
369 2130 523 2171 eadem
567 2130 636 2172 illa
677 2131 941 2179 Alexandro,
972 2133 1093 2189 quasi
1120 2137 1254 2178 veteri
1286 2139 1469 2184 domino

109 2201 402 2244 reservabant.
471 2203 675 2259 Namque
713 2203 757 2244 id
793 2203 935 2244 solum
978 2204 1191 2248 intactum
1230 2211 1470 2254 omiserant

109 2272 278 2322 milites,
317 2273 376 2313 ita
410 2275 571 2315 tradito
608 2289 744 2325 more,
783 2281 833 2315 ut
867 2276 1079 2319 victorem
1113 2279 1215 2322 victi
1255 2283 1365 2340 regis
1407 2292 1469 2327 ta-

110 2344 349 2386 bernaculo
377 2346 636 2401 exciperent.

50 2430 98 2453 24
192 2416 279 2458 Sed
310 2418 511 2458 omnium
536 2418 686 2460 oculos
708 2418 965 2477 animosque
990 2420 1035 2462 in
1055 2430 1197 2465 semet
1216 2429 1533 2470 verterant⁷29

115 2531 133 2554 1
157 2530 240 2564 fuit.
463 2533 484 2559 2
510 2547 627 2570 nunc.
865 2534 886 2566 3
911 2549 996 2572 mss.
1021 2539 1126 2585 rupis
1348 2544 1370 2576 4
1403 2546 1469 2579 illa

205 2596 358 2630 quoque
382 2586 468 2622 hos
484 2590 546 2623 tis
575 2590 706 2624 victor.
878 2592 896 2619 5
922 2592 983 2626 Ex
1007 2593 1169 2636 emend„
1195 2602 1272 2628 erat
1304 2606 1470 2634 castra

205 2639 451 2684 repleverant.
649 2643 673 2669 5
707 2651 797 2677 tum.
1002 2647 1018 2674 7
1055 2655 1332 2686 converterant.
