1703 2961
173 163 258 199 xlv
656 149 1120 197 PRAEFATIO.

177 271 240 319 ab
275 273 391 333 ipso
428 268 705 335 Bongar‘sio
742 272 795 317 in
828 273 1048 335 margine
1081 273 1319 331 Aldinae,
1359 278 1444 337 qui
1482 277 1538 322 li-

176 330 295 384 bros
327 352 444 383 suos
480 336 634 383 modo
664 339 887 382 numeris
926 342 966 383 1.
1005 342 1049 385 2.
1083 338 1338 396 distinxit,
1381 341 1536 386 modo

175 402 305 449 nihil
348 404 443 448 nisi
486 404 764 448 variantem
803 404 1105 463 scripturam
1149 406 1339 465 posuit.
1417 405 1539 452 Inde

174 466 367 514 factum
399 479 496 525 est,
534 478 590 513 ut
622 469 672 512 in
705 466 954 529 farragine
985 469 1399 515 Freinshemiana
1430 471 1542 531 ple-

175 543 392 594 rumque
427 533 575 578 simul
609 544 821 593 utraque
855 545 979 578 nota
1033 546 1083 579 et
1114 535 1246 581 Dan.
1292 548 1342 580 et
1380 537 1539 598 Bong.

175 608 438 660 appareat,
469 613 529 644 ac
558 612 770 658 prorsus
801 598 1053 644 incertum
1088 600 1165 657 sit,
1190 611 1358 645 utrum
1379 615 1542 646 unum

171 663 361 710 librum
407 678 473 709 an
521 661 650 709 duos
697 674 930 710 auctores
983 662 1199 722 habeas,
1236 667 1540 726 praesertim

176 739 293 775 cum
327 728 462 774 idem
494 727 868 775 Freinshemius
900 731 953 774 in
974 728 1143 776 indice
1165 729 1540 792 praesidiorum

179 796 473 840 criticorum
499 804 601 839 tres
634 792 791 839 fuisse
808 796 1181 857 Bongarsianos
1215 795 1418 842 codices
1442 808 1538 841 tra-

173 858 371 906 diderit.
438 857 690 920 Equidem
711 860 764 904 in
783 857 882 906 hac
902 859 1221 906 dubitatione
1241 876 1401 906 unum
1429 876 1539 907 esse

173 924 402 982 arbitror,
436 925 839 987 Bongarsianum
859 924 1155 983 secundum,
1192 926 1412 972 eundem
1436 927 1542 971 Da-

170 990 466 1047 nielianum,
502 992 588 1051 qui
626 991 833 1051 optimis
867 993 1127 1036 accenseri
1161 990 1356 1037 debeat·
1391 992 1541 1038 Prae-

173 1063 250 1101 ter
282 1055 422 1101 hunc
467 1056 794 1100 inveniuntur
839 1055 979 1117 apud
1017 1056 1424 1102 Freinshemium
1458 1072 1543 1102 va-

170 1123 359 1167 riantes
404 1135 466 1166 ex
502 1120 634 1167 libro
681 1119 878 1166 Claudii
928 1121 1171 1167 Faucheti
1224 1123 1542 1184 negligenter

172 1194 271 1232 nec
310 1188 427 1233 satis
474 1197 769 1231 constanter
805 1199 1102 1247 excerptae,
1156 1186 1246 1232 sed
1293 1199 1367 1232 est
1400 1186 1543 1248 quod

170 1252 311 1298 hunc
346 1266 556 1313 quoque
588 1250 777 1297 librum
811 1253 1073 1312 antiquum
1094 1264 1143 1297 et
1168 1253 1419 1315 integrum
1442 1254 1541 1298 exi-

172 1319 451 1363 stimemus.
519 1317 867 1379 Diligentiam,
904 1332 1057 1377 quam
1087 1319 1141 1362 in
1172 1316 1252 1363 his
1288 1317 1541 1363 desidera-

169 1385 356 1440 vimus,
391 1382 699 1428 cumulatam
741 1383 997 1443 praestitit
1023 1382 1180 1428 Henr.
1216 1382 1542 1429 Snakenbur-v

172 1449 298 1510 gius,
336 1447 608 1508 effecitque
642 1458 699 1492 ut
734 1447 796 1492 de
830 1449 1133 1493 recensione
1166 1447 1409 1493 Modiana
1434 1463 1540 1493 cer-

170 1518 280 1558 tum
313 1527 593 1573 verumque
621 1511 869 1558 iudicium
897 1511 1066 1557 facere
1087 1527 1374 1572 possemus.
1408 1513 1540 1558 Nam

171 1580 552 1639 antiquissimos
608 1575 738 1623 duos
783 1575 983 1621 codices
1027 1576 1370 1622 bibliothecae
1423 1578 1539 1624 Lei-

171 1643 366 1700 densis,
403 1652 624 1703 quorum
657 1656 818 1687 unum
843 1641 1152 1688 Vossianum
1183 1643 1435 1702 priorem,
1468 1643 1538 1687 al-

170 1717 336 1754 terum
369 1707 676 1754 Leidensem
709 1705 1004 1768 appellavit,
1027 1719 1130 1751 tam
1161 1707 1399 1768 religiose
1420 1722 1539 1753 cum

170 1779 314 1820 textu
346 1772 764 1820 Freinshemiano
804 1772 1033 1829 contulit,
1066 1784 1123 1816 ut
1155 1772 1282 1817 nihil
1313 1773 1535 1834 amplius

168 1841 328 1885 latere
361 1839 606 1885 videatur.
678 1837 793 1884 Huc
817 1849 1143 1883 accesserunt
1164 1850 1406 1898 excerpta
1424 1838 1537 1885 Nic.

169 1900 369 1952 Heinsii
433 1919 495 1951 ex
543 1903 721 1950 codice
764 1903 1096 1960 FlorentinO,
1150 1914 1204 1948 ut
1254 1901 1536 1960 videbatur,

166 1986 337 2032 neque
367 1972 505 2016 enim
539 1979 734 2015 certum
769 1969 1046 2028 quicquam
1085 1967 1370 2025 constabat,
1418 1982 1537 2013 cum

167 2037 266 2082 illis
299 2034 500 2083 duobus
532 2034 672 2081 libris
710 2035 980 2079 maximam
1013 2045 1214 2094 partem
1254 2048 1538 2096 congruen-

168 2103 249 2147 tia.
316 2101 458 2148 Haec
491 2102 642 2163 igitur
676 2097 832 2144 altera
883 2111 932 2144 et
964 2101 1140 2159 potior
1173 2097 1364 2144 familia
1400 2097 1536 2143 codi-

169 2182 287 2213 cum
322 2167 681 2213 Curtianorum
708 2177 804 2222 est,
842 2179 970 2225 quos
1006 2163 1091 2209 ubi
1130 2179 1247 2210 cum
1282 2165 1536 2208 recensio-

166 2241 233 2278 ne
279 2231 526 2278 Modiana
569 2231 966 2291 comparaveris,
1005 2227 1156 2286 illud,
1201 2228 1342 2289 quod
1379 2243 1536 2289 supra

169 2295 471 2360 significavi,
506 2297 818 2359 perspicies,
849 2293 1110 2352 Modium,
1142 2293 1227 2339 ubi
1263 2293 1390 2338 nihil
1421 2295 1534 2354 ipse

168 2363 500 2419 annotaverit,
536 2375 637 2407 tam
671 2358 888 2406 fideliter
922 2359 1126 2406 codices
1163 2374 1281 2404 suos
1303 2371 1534 2403 secutum

167 2437 303 2483 esse,
346 2441 410 2485 ut,
446 2429 555 2474 eius
595 2426 749 2472 editio
788 2428 1043 2482 omnium,
1089 2440 1219 2485 quae
1263 2423 1533 2483 hucusque

163 2494 486 2555 prodierunt,
519 2494 754 2555 proxime
788 2493 840 2536 in
876 2490 978 2536 hoc
1015 2490 1221 2552 quidem
1249 2504 1434 2551 genere
1470 2487 1533 2534 ad

163 2562 428 2605 veritatem
459 2558 703 2607 accedere
737 2555 979 2602 videatur.

296 2626 398 2684 Qui
430 2627 580 2687 igitur
611 2623 802 2670 factum
850 2637 959 2666 esse
997 2620 1244 2673 dicemus,
1288 2630 1367 2673 ut,
1414 2633 1529 2662 cum
