1703 2961
133 328 185 375 47

1664 0 1686 53 ιι

195 73 251 115 90
651 72 704 127 Q.
731 70 935 113 CURTH
962 71 1104 115 RUFI
1665 70 1683 135 i

196 187 269 228 sit:
312 193 573 241 strenueque
613 198 745 241 opere
782 183 990 238 perfecto,
1025 183 1069 224 in
1108 185 1461 234 tabernaculum,
1500 199 1551 227 ex
1666 137 1672 255 l

198 273 285 314 quo
315 264 407 298 tota
438 258 549 299 acies
576 256 770 297 hostiurn
801 255 1167 311 conspiciebatur,
1195 257 1381 299 secessit.

282 330 397 370 Tum
442 343 544 368 vero
597 328 794 368 universa
839 325 976 368 futuri
1031 329 1291 371 discriminis
1338 328 1472 371 facies
1508 329 1648 374 inxm.
1684 343 1686 379 γ

199 399 335 443 oculis
362 410 471 441 erat:
509 399 640 440 armis
668 398 905 454 insignibus
930 400 1029 455 equi
1060 400 1226 457 virique
1253 399 1555 457 splendebant,
1684 387 1685 395 ἵ

198 480 244 527 et
272 472 419 513 omnia
448 471 682 513 intentiore
710 485 813 512 cura
832 472 1080 527 praeparari
1113 472 1230 528 apud
1261 471 1450 520 hostem,
1477 473 1557 514 sol-

197 544 379 587 licitudo
408 551 665 600 praetorum
696 542 867 598 agmina
900 557 975 584 sua
992 543 1396 600 interequitantium
1418 551 1560 584 osten-

201 616 346 665 debat‚·
383 630 432 656 ac
471 615 678 671 pleraque
727 614 885 666 inania,
925 615 1035 656 sicut
1074 616 1274 656 fremitus
1311 614 1558 666 hominum,
1588 633 1610 657 2

197 702 414 744 equorum
460 686 678 737 hinnitus,
741 701 968 728 armorum
1019 687 1369 728 internitentium
1402 686 1556 744 fulgor,

197 759 377 802 sollicita
406 763 419 783 ¹
468 759 771 814 expectatione
817 767 1013 800 mentem
1061 758 1356 800 turbaverant.
1427 760 1563 815 Igitur
1592 775 1610 803 3

198 833 284 882 sive
317 830 472 873 dubius
504 830 651 879 animi,
689 830 774 872 sive
803 838 852 871 ut
878 846 978 872 suos
1008 829 1286 886 experiretur,
1321 832 1557 873 consilium

199 903 391 952 adhibet,
427 901 531 959 quid
568 902 787 958 optimum
826 902 948 944 factu
986 909 1107 952 esset,
1147 903 1387 959 exquirens.
1458 904 1560 946 Par·
1588 920 1612 944 4
1654 956 1655 959 ¹

198 975 363 1023 menio,
397 974 682 1032 peritissimus
717 974 831 1016 inter
879 974 1012 1016 duces
1057 973 1218 1016 artium
1266 975 1379 1026 belli,
1425 975 1560 1026 furto,

197 1064 291 1090 non
335 1046 502 1103 proelio
553 1061 663 1103 opus
703 1061 792 1088 esse
832 1047 1056 1088 censebat:
1118 1038 1380 1102 intempesta
1426 1055 1561 1090 nocte

200 1118 392 1177 opprimi
431 1132 557 1174 posse
599 1117 767 1160 hostes:
807 1118 1029 1159 discordes
1069 1118 1277 1168 moribus,
1305 1119 1471 1176 linguis,
1505 1119 1561 1161 ad

197 1190 286 1232 hoc
309 1192 329 1215 ²
370 1204 527 1231 somno
563 1197 606 1232 et
643 1190 881 1245 improviso
919 1189 1114 1243 periculo
1153 1190 1339 1240 territos,
1383 1191 1561 1247 quando

198 1263 244 1304 in
278 1269 495 1304 nocturna
535 1261 827 1318 trepidatione
865 1261 1083 1302 coituros?
1151 1263 1210 1302 At
1247 1262 1438 1304 interdiu
1478 1262 1564 1318 pri·
1595 1278 1611 1304 5

199 1333 573 1376 mumrterribiles
617 1347 873 1374 occursuras
905 1332 1037 1373 facies
1078 1333 1346 1390 Scytharum
1373 1333 1566 1375 Bactria-

198 1421 468 1463 norumque:
499 1405 614 1446 hirta
647 1405 725 1445 illis
753 1419 830 1445 ora
858 1412 902 1445 et
924 1404 1119 1445 intonsas
1147 1420 1297 1447 comas
1316 1413 1418 1454 csse,
1442 1420 1566 1462 prae-

199 1487 319 1520 terea
377 1477 582 1519 eximiam
631 1484 856 1518 vastorum
915 1476 1266 1531 magnitudinem
1313 1492 1566 1534 corporum.

199 1551 334 1593 Vanis
372 1558 415 1592 et
448 1550 648 1591 inanibus
680 1549 864 1589 militem
894 1546 1030 1603 magis
1058 1563 1192 1604 quam
1220 1549 1340 1590 iustis
1367 1548 1567 1590 formidi-

201 1623 267 1666 nis
290 1622 434 1679 causis
465 1622 646 1665 moveri.
712 1619 884 1661 Deinde
923 1626 1095 1660 tantam
1125 1620 1453 1661 multitudinem
1488 1620 1567 1662 cir-

202 1678 429 1747 cumfundi
469 1693 750 1750 paucioribus
790 1706 930 1747 posse.
1002 1692 1105 1733 Non
1152 1693 1195 1732 in
1228 1692 1405 1734 Ciliciae
1435 1708 1566 1749 angu·
1598 1703 1621 1732 6

203 1768 290 1809 stiis
331 1774 375 1808 et
423 1765 545 1806 inviis
586 1763 776 1812 callibus,
815 1763 889 1803 sed
931 1762 974 1802 in
1013 1771 1162 1818 aperta
1200 1771 1241 1804 et
1275 1764 1359 1804 lata
1389 1764 1568 1820 planitie

203 1839 423 1883 dimicare.
448 1839 465 1865 ³
529 1837 699 1878 Omnes
723 1835 814 1875 fere
846 1835 1128 1876 Parmenioni
1160 1835 1563 1877 assentiebantur:⁴
1600 1853 1616 1879 7

201 1900 477 1968 Polypercon
515 1909 636 1950 haud
673 1906 804 1949 dubie
837 1906 883 1947 in
914 1922 966 1948 eo
1001 1906 1180 1949 consilio
1212 1907 1402 1964 positam
1433 1909 1569 1951 victo-

201 1984 314 2024 riam
346 1981 654 2024 arbitrabatur.
722 1978 870 2034 Quem
906 1979 1080 2021 intuens
1116 1993 1202 2029 rex,
1243 1994 1435 2036 namque
1468 1981 1570 2022 Par·
1599 1996 1617 2023 ε

206 2055 475 2105 rnenionem,
506 2067 650 2109 nuper
678 2051 818 2093 acrius
850 2067 983 2107 quam
1010 2051 1136 2092 vellet
1165 2051 1445 2108 increpitum,
1478 2067 1569 2093 rur-

204 2144 273 2170 sus
310 2127 517 2184 castigare
545 2141 637 2167 non
691 2123 944 2173 sustinebat,
993 2126 1367 2171 Latrunculorum,
1414 2123 1566 2180 inquit,

205 2211 250 2242 ec
280 2198 437 2258 surum
475 2202 564 2240 isca
600 2200 799 2240 sollercia
833 2207 922 2246 esc,
971 2213 1100 2253 quam
1137 2199 1398 2252 praecipitis
1437 2200 1567 2248 mihi;

204 2277 368 2329 quippe
398 2274 571 2314 illorum
607 2283 760 2314 votum
789 2272 960 2310 unicum
990 2268 1246 2328 escsallere.
1304 2272 1430 2311 aleae
1459 2286 1566 2313 vero
1600 2293 1620 2323 9

206 2348 372 2402 gloriae
403 2361 569 2400 semper
593 2355 671 2386 auh·
697 2344 936 2385 absent-iam
963 2344 1120 2393 Darei,
1160 2354 1237 2385 auc
1267 2345 1495 2397 angustias
1513 2345 1571 2385 Zo—

208 2517 225 2542 1
253 2516 472 2551 sollicitam.
591 2514 611 2538 2
637 2515 745 2547 haec.
859 2514 878 2544 3
905 2516 966 2549 Ex
993 2512 1143 2547 emend.
1170 2512 1291 2547 codd.
1323 2514 1571 2548 dimicarent:

299 2569 406 2616 vulgo
432 2569 695 2602 dimicandum
723 2568 819 2603 fore.
1022 2569 1044 2600 4
1071 2567 1342 2603 assentiebant.
