1703 2961
204 145 287 188 252
654 138 710 195 Q.
740 137 945 181 CURTn
971 136 1110 180 Rom

207 259 337 306 brius,
377 256 432 297 ad
464 271 548 305 eos,
587 253 661 311 qui
698 251 811 294 infra
850 251 994 308 ipsum
1032 249 1266 302 cubabant,
1308 266 1554 303 conversus,

207 329 427 386 Euripidis
456 327 623 369 rettulit
666 340 865 375 carmen,
903 325 962 367 ita
992 331 1042 365 ut
1078 338 1210 365 sonus
1239 324 1386 378 magis,
1418 339 1553 381 quam

205 418 349 445 sermo
377 399 567 443 exaudiri
596 405 743 456 posset
771 413 796 440 a
814 412 925 456 rege,
959 412 1047 455 quo
1071 395 1405 452 significabatur,
1434 396 1547 438 male
1565 410 1612 439 29

204 475 436 517 instituisse
484 472 701 519 Graecos,
752 471 873 527 quod
916 470 1108 527 tropaeis
1144 484 1296 525 regum
1326 468 1552 511 dumtaxat

201 547 381 589 nomina
413 546 750 588 inscriberent:¹
795 543 934 585 alieno
983 542 1100 584 enim
1137 541 1343 597 sanguine
1378 548 1552 598 partam

197 621 380 677 gloriam
408 617 621 673 intercipi.
687 617 840 673 Itaque
877 631 961 665 rex,
1001 630 1102 657 cum
1141 614 1434 670 suspicaretur
1462 627 1553 654 ma-

197 692 348 748 lignius
378 691 580 732 habitum
618 703 708 729 esse
745 703 1007 737 sermonem,
1047 687 1296 743 percontari
1324 684 1547 741 proximos

197 764 354 820 coepit,
384 763 488 820 quid
518 778 568 804 cx
597 761 714 804 Clito
746 761 977 802 audissent.
1015 760 1074 801 Et
1103 759 1180 800 illis
1210 759 1265 799 ad
1294 757 1545 799 silendum²
1565 770 1614 798 30

195 835 439 884 obstinatis,
477 834 618 876 Clitus
659 832 872 890 paulatim
910 832 1077 873 maiore
1101 846 1209 872 voce
1234 829 1419 887 Philippi
1448 835 1545 872 acta

191 907 390 964 bellaque
426 907 470 948 in
512 905 694 949 Graecia
725 912 843 961 gesta
873 910 1210 952 commemorat,
1244 903 1391 944 omnia
1423 916 1544 957 prae-

189 979 383 1020 sentibus
412 979 675 1034 praeferens.
737 977 853 1019 Hinc
883 977 996 1018 inter
1025 975 1216 1017 iuniores
1243 989 1450 1031 senesque
1477 985 1602 1015 or-31

188 1057 232 1092 ta
269 1051 493 1093 contentio
545 1058 630 1101 est;
683 1056 727 1091 et
778 1064 876 1097 rex,
930 1049 1048 1090 velut
1088 1048 1309 1105 patienter
1357 1046 1541 1096 audiret,

188 1123 283 1179 quis
317 1121 452 1164 Clitus
483 1121 714 1164 obterebat
741 1121 889 1162 laudes
921 1121 1025 1173 eius,
1056 1121 1279 1178 ingentem
1301 1119 1413 1161 iram
1438 1133 1541 1161 con-

188 1202 375 1250 ceperat.
431 1194 642 1236 Ceterum
667 1209 769 1236 cum
806 1193 954 1234 animo
984 1193 1205 1234 videretur
1233 1193 1600 1246 imperaturus‚32

185 1266 217 1307 si
257 1266 390 1308 finem
431 1266 681 1322 procaciter
717 1273 816 1306 orto
862 1265 1054 1306 sermoni
1096 1264 1233 1307 Clitus
1275 1264 1536 1320 imponeret,

183 1337 289 1379 nihil
331 1353 487 1380 eorum
528 1337 808 1385 omittente‚³
842 1338 977 1394 magis
1022 1336 1368 1392 exasperabatur.
1428 1336 1601 1376 Iam-33

183 1426 267 1467 que
313 1409 452 1452 Clitus
497 1410 631 1452 etiam
676 1409 1015 1451 Parmenionem
1057 1408 1292 1450 defendere
1334 1407 1538 1455 audebat,

182 1490 226 1524 ct
282 1483 469 1538 Philippi
517 1483 571 1524 de
617 1480 957 1523 Atheniensibus
1000 1481 1232 1523 victoriam
1278 1480 1536 1522 Thebarum

178 1555 455 1612 praeferebat
485 1555 665 1604 excidio,
695 1569 786 1594 non
816 1554 919 1595 vino
951 1554 1102 1604 modo,
1131 1555 1204 1595 sed
1239 1553 1371 1594 etiam
1401 1552 1534 1593 animi

178 1643 312 1685 prava
352 1627 635 1669 contentione
682 1633 928 1681 provectus.
994 1625 1064 1666 Ad
1105 1625 1332 1675 ultimum,
1372 1627 1423 1666 Si
1451 1634 1597 1665 mo-34

177 1704 385 1746 riendum,
415 1699 568 1756 inquit,
600 1709 666 1740 est
690 1714 770 1752 pro
800 1710 854 1747 te,
879 1699 1020 1740 Clitus
1047 1709 1114 1739 est
1138 1701 1325 1752 primus:
1364 1708 1414 1738 at
1438 1713 1531 1738 cum

175 1777 388 1816 victoriae
417 1774 644 1814 arbitrium
671 1775 781 1825 agis,
806 1774 1085 1825 praecipuum
1101 1768 1262 1829 serunt
1278 1773 1526 1825 praemium,

175 1853 251 1905 qui
279 1849 581 1903 procacissime
609 1847 756 1899 patris
773 1847 841 1885 tui
859 1847 1086 1885 memoriae
1106 1846 1307 1885 illudunt.
1345 1845 1526 1897 Sogdia·
1546 1854 1589 1881 35

174 1939 273 1963 nam
309 1923 522 1974 regionem
560 1921 668 1959 mihi
695 1918 914 1964 attribuis,
943 1920 1107 1959 totiens
1136 1919 1342 1966 rebellem,
1373 1928 1418 1958 et
1443 1933 1525 1958 non

174 1996 300 2036 modo
331 1993 602 2040 indomitam,
640 1992 718 2031 sed
753 2007 860 2045 quae
899 2007 950 2031 ne
985 1992 1130 2045 subigi
1166 1992 1337 2047 quidem
1365 1992 1523 2044 possit.

172 2070 338 2108 Mittor
367 2061 572 2123 adferas
610 2064 784 2112 bestias,
815 2066 1082 2118 praecipitia
1113 2066 1287 2117 ingenia
1323 2065 1523 2105 sortitas.

175 2141 261 2180 Sed
283 2154 391 2194 quae
429 2138 487 2177 ad
524 2153 588 2176 me
624 2139 843 2190 pertinent
881 2147 1067 2178 transeo.
1123 2138 1329 2190 Philippi
1357 2137 1518 2176 milites
1535 2139 1585 2171 36

170 2213 352 2266 spernis,
374 2210 546 2257 oblitus,
570 2211 658 2250 nisi
677 2211 746 2250 hic
773 2211 1044 2251 Atharrias4
1072 2225 1202 2250 senex
1232 2211 1420 2250 iuniores
1446 2224 1523 2262 pu-

171 2299 297 2338 gnam
337 2285 628 2323 detrectantes
665 2293 924 2326 revocasset.
966 2284 1104 2322 adhuc
1141 2297 1219 2323 nos
1251 2284 1367 2322 circa
1396 2283 1521 2322 Hali-

170 2351 416 2396 carnassum
451 2359 652 2397 haesuros
670 2352 834 2413 fiisse.
908 2357 1131 2418 Quomodo
1163 2354 1334 2408 igitur⁵
1366 2356 1518 2395 Asiam
1536 2368 1580 2396 37

167 2432 298 2470 etiam
337 2444 430 2468 cum
465 2431 570 2469 istis
599 2428 838 2470 iunioribus
871 2428 1122 2469 subiecisti?
1176 2427 1333 2469 Verum
1364 2437 1441 2477 est,
1472 2437 1521 2468 ut

165 2592 184 2617 1
212 2591 524 2626 inscriberentur.
724 2589 744 2614 2
766 2589 972 2624 silentium.
1157 2589 1176 2620 3
1213 2600 1260 2623 eo
1285 2589 1513 2623 remittente.

254 2648 276 2675 4
309 2644 493 2678 Alliarias.
694 2644 714 2670 5
752 2654 854 2689 ergo,
