1703 2961
404 91 482 129 DE
517 89 712 128 GESTIS
740 88 905 131 ALEX:
949 90 1028 137 111,
1058 90 1097 131 5.
1403 89 1432 132 9

0 169 2 231 b
80 201 330 257 purpuratis
369 202 492 243 s‘olita
528 200 720 242 vanitate
759 216 881 258 spem
919 201 1009 243 eius
1036 201 1299 250 inflantibus,
1329 215 1434 244 con-

80 285 226 313 versus
271 273 325 314 ad
371 273 687 316 Charidemum
721 272 1054 323 Atheniensem,
1091 273 1189 315 belli
1228 273 1434 331 peritum,

84 350 127 384 et
164 344 220 385 ob
275 345 444 385 exilium
501 344 705 386 infestum
756 345 1013 396 Alexandro,
1051 345 1214 402 quippe
1253 343 1437 387 Athenis

83 414 261 456 iubente
301 432 354 457 eo
393 417 535 458 fuerat
569 416 776 473 expulsus,
810 417 1059 474 percontari
1089 418 1248 474 coepit,
1277 418 1437 458 satisne

25 487 122 527 ¹1ei
160 488 378 529 videretur
423 489 658 530 instructus
703 490 757 530 nd
794 489 1084 531 obterendum
1122 489 1321 531 hostem?
1378 490 1439 530 At

83 558 162 608 ille,
193 568 239 600 et
261 573 363 600 suae
391 562 517 601 sortis
557 568 601 602 et
620 562 779 617 >regiae
808 561 1036 618 superbiae
1066 560 1237 611 oblitus,
1264 562 1438 609 Verum,

85 632 240 688 inquit,
271 639 315 674 at
347 644 393 674 tu
410 631 616 693 forsitan
639 639 653 661 ¹
689 637 839 675 audire
865 637 989 685 nolis,
1019 645 1063 676 et
1098 650 1189 688 ego,
1217 637 1306 676 uisi
1328 650 1437 675 nuno

23 710 70 737 12
84 707 249 753 dixero,
278 707 391 747 alias
427 710 706 763 nequicquam
738 708 983 766 confitebor.
1042 710 1132 749 Hic
1159 710 1278 750 tanti
1304 724 1436 762 appa-

81 780 225 818 ratus‘
245 783 472 830 exercitus,
511 783 611 821 haec
647 787 737 821 cot
753 783 945 835 gentium
984 791 1028 822 et
1063 783 1204 821 totius
1239 783 1437 823 Orientis

81 853 228 892 excita
255 852 439 894 sedibus
476 857 567 895 suis
597 855 741 902 moles,
766 856 982 912 finitimis
1016 863 1166 908 potest
1186 870 1281 894 esse
1310 856 1438 894 terri-

0 925 7 952 *
81 924 204 965 hilis:
241 928 355 967 nitet
392 943 588 981 purpura
626 943 822 983 auroque,
847 925 1001 985 fulget
1036 929 1169 967 armis
1196 937 1242 968 et
1267 928 1439 982 opulen-

84 999 161 1045 tia,
202 1009 403 1053 quantam
440 1002 517 1055 qui
554 1002 689 1042 oculis
722 1016 805 1042 non
840 1001 1066 1049 subiecere,
1106 1000 1264 1040 animis
1299 1001 1436 1040 conci-

24 1073 69 1100 ¹3
81 1085 184 1123 pere
210 1086 292 1111 non
316 1084 510 1124 possunt.
582 1075 669 1115 Sed
703 1074 1005 1115 Macedonum'
1027 1076 1157 1121 acies,
1181 1083 1314 1115 torva
1336 1088 1440 1113 sane

81 1153 126 1184 et
154 1145 330 1192 inculta,
371 1147 524 1200 clipeis
561 1149 782 1203 hastisque
821 1148 1060 1188 immobiles
1091 1145 1244 1188 cuneos
1271 1156 1316 1187 et
1344 1161 1439 1188 con-

81 1227 198 1259 serta
234 1219 389 1268 robora
423 1226 484 1261 vi
498 1236 617 1262 orum
654 1224 781 1275 tegit.
837 1223 936 1277 Ipsi
969 1221 1229 1275 phalangem
1261 1230 1440 1268 vocant,

80 1292 278 1346 peditum
304 1289 463 1334 stabile
491 1311 538 1350 a&
523 1310 660 1336 ⁰:men
691 1310 766 1335 vir
793 1296 906 1343 viro,
936 1297 1069 1338 armis
1093 1308 1215 1337 arma
1243 1302 1439 1336 conserta

83 1375 205 1405 suut:
235 1368 293 1406 ad
329 1377 476 1422 nutum
510 1370 722 1411 monentis
750 1370 922 1414 intenti,
946 1368 1072 1422 sequi
1096 1368 1238 1420 signa,
1265 1367 1440 1407 ordines

23 1434 264 1479 14servare'
303 1441 508 1501 didicere.
617 1442 749 1502 Quod
800 1443 1039 1495 imperatur
1100 1454 1244 1480 omnes
1309 1453 1438 1478 exau-

83 1513 233 1555 diunt.-
266 1515 379 1555 obsis
368 1524 483 1560 tere,
516 1516 749 1562 circumire,
782 1515 1019 1555 discurrere
1038 1513 1083 1552 in
1110 1525 1253 1560 cornu,
1273 1523 1438 1554 mutare

23 1597 64 1624 15
82 1601 282 1642 pugnam,
311 1602 394 1627 non
421 1589 548 1627 duces
578 1588 730 1638 magis,
762 1601 889 1641 quam
919 1585 1081 1625 milites
1106 1584 1278 1625 callent.
1337 1585 1434 1625 Ac2

79 1675 130 1700 ne
160 1660 257 1699 auri
281 1650 532 1715 argentique
560 1659 708 1700 studio
741 1660 880 1699 teneri
903 1667 1048 1711 putes,
1076 1657 1212 1697 adhuc
1239 1656 1319 1696 illa
1348 1658 1438 1697 dis-

80 1733 242 1785 ciplina
274 1743 532 1797 paupertate
570 1732 783 1785 magistra
819 1740 959 1771 scetzc.
1031 1731 1255 1786 Fatigatis
1285 1732 1439 1770 humus

79 1805 216 1846 cubile
228 1817 314 1849 est:
339 1807 470 1856 cibus,
488 1821 610 1861 quem
622 1814 820 1859 occupati
816 1802 1036 1859 parent3,
1057 1803 1219 1842 satiat:
1242 1813 1438 1859 tempora

31 1881 221 1939 16sonmi
260 1882 443 1927 artiora,
479 1895 606 1934 quam
636 1879 776 1919 noctis
803 1886 914 1917 sunt.
973 1878 1068 1917 Iam
1102 1876 1296 1916 Thessali
1322 1879 1439 1933 equi-

83 1965 149 1997 tes
184 1963 228 1996 et
254 1956 499 1995 Acarnanes
529 1952 776 2006 Aetolique,
819 1952 988 1992 invicta
1015 1948 1124 1990 bello
1153 1964 1315 1999 manus,
1329 1947 1438 2008 fim-

83 2030 165 2074 dis,
203 2014 345 2074 credo,
387 2036 431 2066 et
465 2027 607 2066 hastis
643 2027 742 2078 igne
780 2024 954 2065 duratis
977 2021 1266 2076 repellentur?
1326 2023 1438 2064 Pari

82 2101 232 2143 robore
263 2115 370 2154 opus
396 2109 474 2141 est.
532 2102 584 2139 In
614 2099 692 2139 illa
728 2107 855 2146 terra,
883 2111 991 2152 quae
1018 2097 1097 2135 hos
1122 2097 1284 2148 genuit,
1313 2097 1438 2136 auxi-

84 2175 145 2216 lia
182 2174 425 2231 quaerenda
463 2181 588 2212 suntz
625 2180 854 2224 ‘argentum
894 2170 1016 2211 istud
1047 2178 1174 2223 atque
1204 2183 1351 2211 aurum
1379 2171 1439 2210 ad

35 2249 403 2291 17conducencl11m
442 2246 624 2286 militem
665 2246 808 2286 mitte.
900 2242 1010 2283 Erat
1054 2241 1202 2281 Dareo
1240 2240 1349 2281 mite
1383 2255 1436 2282 ae

79 2317 305 2361 tractabile
349 2317 592 2374 ingenium,
646 2315 725 2359 nisi
770 2330 893 2359 suam
927 2321 1133 2355 naturam
1175 2311 1439 2371 plerumque

79 2390 256 2432 fortuna
296 2396 613 2446 corrumperet.
680 2389 834 2445 Itaque
863 2386 1054 2428 veritatis
1081 2383 1325 2441 impatiens»,
1357 2382 1434 2424 ho-

80 2569 98 2593 1
123 2569 265 2606 forsan„
296 2556 313 2573 '³
403 2566 424 2593 2
451 2574 500 2602 et.
633 2565 660 2617 3,
683 2565 791 2611 vulgo
817 2563 866 2599 de
897 2565 1056 2599 coniect.
1085 2567 1290 2609 occupant.
