1703 2961
353 201 434 243 m:
472 202 680 244 GESTIS
717 204 886 248 ALEX.
915 209 990 256 IV,
1024 212 1087 251 55.
1345 218 1399 261 99

43 314 227 367 gloriam
259 317 490 368 accepistis
528 331 555 355 a
589 317 825 358 maioribus
852 323 1029 371 vestr-ie,
1056 317 1247 378 posteris
1275 333 1397 374 relin-

42 387 203 441 quatis.
247 390 300 428 In
330 389 502 429 dextris
516 391 679 430 vestris
703 393 789 430 iam
814 393 1070 448 libertatem,
1100 415 1237 454 opem,
1266 420 1397 458 spem,

27 454 182 516 futuri
207 464 417 513 temporis
444 464 613 513 geritis.
671 462 855 522 Effitgic
874 479 1066 519 mortem,
1088 477 1285 529 quisquis
1300 493 1399 520 con-

13 539 26 568 5
37 533 286 583 tempserit:
320 534 647 575 timidissimum
700 552 905 592 quemque
943 549 1228 600 consequia-ur.
1295 553 1398 604 Ipse

38 617 124 643 non
149 605 300 655 patrio
326 621 441 647 more
479 608 631 657 solum,
660 611 739 649 sed
762 613 896 652 eciam
920 626 971 657 ue
998 620 1193 674 conspici
1215 626 1397 675 possim,

37 688 160 715 curru
191 678 337 724 vehor,
373 694 445 718 nec
479 694 639 730 recuso,
663 697 747 736 quo
773 686 914 726 minus
940 690 1173 734 imihemini
1200 710 1277 745 me,
1302 699 1397 738 siue

27 743 319 804 'fortitudinis
343 754 594 807 exemplum,
621 757 718 796 sive
744 759 952 811 ignaviae
970 758 1115 820 fuero.

114 847 296 890 Interim
311 851 566 904 Alexander,
598 862 648 896 ut
673 863 718 898 et
747 857 1101 904 demonstratum
1129 880 1151 906 a
1174 867 1393 926 transfuga
1409 873 1458 914 56

23 908 290 962 'insidiarum
320 922 470 965 locum
510 925 773 980 circumiret,
807 939 852 973 et
887 932 1058 985 Dare0‚
1104 937 1178 993 qui
1219 947 1389 983 cornu¹

32 991 250 1044 tuebatur,
284 1005 549 1046 occurreret,
582 1013 739 1056 agmen
769 1003 1000 1060 obliquum
1023 1007 1226 1052 incedere
1255 1012 1393 1056 iubet.

23 1057 201 1105 'Dareus
239 1082 415 1124 quoque
456 1069 614 1111 eodem
644 1086 772 1114 suum
805 1074 1007 1127 obvertit,
1031 1077 1166 1122 Besso
1196 1084 1397 1129 admoni-

28 1128 88 1184 to,
132 1143 181 1176 ut
215 1136 477 1195 Massagetas
515 1141 681 1197 equites
713 1144 760 1186 in
789 1145 962 1189 laevum
992 1149 1223 1196 Alexandri
1254 1172 1394 1202 cornu

23 1190 88 1261 'a2
121 1207 254 1249 latere
293 1208 436 1251 invehi
479 1211 664 1255 iuberet.
732 1217 829 1272 Ipse
871 1227 972 1262 ante
1007 1235 1052 1262 se
1079 1221 1264 1268 falcatos
1297 1245 1394 1272 cur-

29 1292 102 1319 rus
132 1276 336 1331 habebat,
370 1298 479 1339 quos
508 1284 630 1341 signo
664 1286 768 1328 dato
800 1288 1024 1334 universos
1051 1293 1098 1336 in
1127 1295 1303 1342 hostem
1333 1303 1394 1345 ef-

29 1344 155 1392 fudit.
213 1351 422 1395 Ruebant
465 1355 617 1398 laxatis
651 1357 837 1402 habenis
886 1363 1080 1422 aurigae,
1118 1383 1207 1426 quo
1246 1373 1393 1430 plures

24 1422 228 1464 nondum
268 1424 370 1466 satis
399 1428 575 1482 proviso
605 1429 776 1487 impetu
805 1433 1074 1480 obtererent.
1134 1441 1257 1486 Alios
1287 1461 1391 1505 ergo

28 1490 179 1536 hastae
214 1495 407 1538 multum
444 1499 556 1541 ultra
595 1506 858 1545 temonem³
898 1509 1154 1561 eminentes,
1188 1516 1294 1560 alios
1334 1522 1391 1573 ab

25 1573 215 1624 utroque
239 1567 374 1610 latere
406 1570 606 1614 dimissae
634 1574 767 1618 falces
792 1577 1050 1625 laceravere.
1107 1585 1202 1629 Nec
1229 1593 1390 1636 sensim

19 1626 294 1683 'Macedones
329 1641 571 1695 cedebant;
630 1647 706 1688 sed
749 1648 886 1692 effusa
925 1651 1027 1709 fuga
1066 1659 1391 1707 turbaverant⁴

28 1710 214 1751 ordines.
283 1712 488 1755 Mazaeus
525 1732 701 1775 quoque
736 1722 944 1776 perculsis
983 1735 1154 1771 metum
1195 1732 1390 1790 incussit,

26 1781 142 1837 mille
171 1782 389 1840 equitibus
429 1786 485 1827 ad
523 1787 766 1846 diripienda
799 1792 936 1836 hostis
962 1797 1278 1855 impedimenta
1311 1811 1392 1852 cir-

29 1853 231 1895 cumvehi
261 1855 397 1907 iussis,
434 1865 564 1910 ratus,
601 1863 794 1919 captivos
832 1882 1023 1925 quoque,
1057 1874 1131 1929 qui
1170 1877 1298 1923 simul
1329 1899 1391 1927 as-

27 1926 326 1984 servabantur,
351 1936 560 1985 rupturos
578 1932 763 1983 vincula,
793 1952 896 1980 curn
917 1954 1017 1982 suos
1034 1950 1390 2010 appropinquan-

18 2003 91 2063 ⁸tes
128 1998 345 2041 vidissent.
431 2001 537 2042 Non
573 2002 786 2049 fefellerat
822 2009 1185 2071 Parmenionem,
1227 2026 1301 2081 qui
1343 2028 1388 2071 in

26 2067 180 2111 laevo⁵
224 2079 338 2113 erat:
378 2087 567 2130 propere
602 2076 734 2132 igitur
769 2081 1101 2138 Polydamanta,
1138 2091 1274 2137 mittit
1307 2098 1387 2154 [ad

28 2142 253 2198 regem]‚⁶
289 2143 363 2200 qui
407 2151 450 2186 et
489 2147 736 2202 periculum
769 2156 1043 2207 ostenderet,
1083 2169 1128 2204 et
1159 2166 1265 2222 quid
1293 2169 1386 2215 fieri

29 2211 199 2256 iuberet
220 2215 479 2259 consuleret.
509 2218 596 2269 Ille,
627 2221 777 2264 audito
804 2225 1132 2287 Polydamante,
1157 2241 1255 2291 Abi,
1284 2260 1386 2287 nun-

29 2287 107 2336 cia,
140 2285 294 2344 inquit,
335 2291 629 2342 Parmenioni,
655 2296 698 2335 si
732 2299 827 2337 acie
853 2302 1098 2358 vicerimus,
1128 2326 1212 2354 non
1237 2329 1392 2362 nostra

1052 2395 1161 2436 quae
1195 2388 1389 2433 boscium

31 2442 141 2482 sunt,
190 2445 487 2488 occupaturos.
550 2440 744 2482 Proinde
786 2459 870 2486 non
910 2459 978 2490 esc
1010 2456 1128 2507 quod
1162 2462 1389 2518 quicquam

28 2358 165 2402 solum
213 2375 292 2401 nos
341 2376 689 2418 recuperaturos,
729 2371 808 2410 sed
845 2375 1012 2416 etiam⁷

0 2578 47 2632 ll1
69 2587 261 2623 laevum
289 2603 423 2627 cornu.
626 2598 648 2624 2
671 2598 783 2636 abest
807 2616 832 2636 a
856 2604 966 2641 codd.
1154 2616 1173 2647 3
1200 2626 1387 2662 temones,

0 2633 11 2690 [ᾗ
62 2647 65 2654 ’
111 2642 135 2674 4
160 2643 306 2680 turbav.
328 2646 430 2693 fuga.
659 2655 680 2682 5
715 2655 881 2693 additur
903 2673 1038 2698 cornu.
1265 2677 1287 2702 6
1307 2682 1392 2715 sine

0 2700 4 2708 ’
114 2698 232 2740 uncis,
255 2709 455 2745 suspectae
465 2702 574 2747 fidei
598 2705 798 2746 indicibus.
1002 2719 1020 2744 7
1049 2724 1192 2759 omnia.

1023 2782 1117 2824 G2
