1703 2961
425 137 508 179 DE
534 135 741 180 GESTIS
768 136 1042 188 ALEX.'VJ,
1075 139 1112 181 6.
1368 143 1442 185 161

30 249 356 293 16Discurrunt
377 248 614 306 lymphatis
644 248 801 292 similes
831 250 876 292 in
906 250 1197 302 tabernacula,
1231 261 1274 297 et
1303 256 1443 298 itineri

91 322 280 364 sarcinas
311 328 483 377 aptant:
520 320 689 376 signum
729 321 883 363 datum
912 324 1122 375 crederes,
1148 332 1197 366 ut
1226 342 1324 369 vasa
1354 329 1445 371 col-

89 393 280 449 ligerent.
347 393 472 434 Totis
512 392 661 434 castris
699 392 916 435 turnultus
960 395 1063 437 hinc
1109 398 1443 442 contubernales

87 478 188 505 suos
216 464 545 520 requirentium,
585 463 686 506 hinc
728 465 1004 508 onerantium
1036 467 1242 523 plaustra,
1282 472 1445 526 perfer-

0 547 1 582 }
25 547 71 574 17
87 541 159 575 tur
189 535 246 576 ad
274 550 436 591 regem.
495 536 712 578 Fecerant
746 535 886 578 fidem·
908 538 1077 580 rumori
1105 547 1270 583 temere
1299 542 1444 599 vulga-

0 586 1 600 *
48 624 61 639 ¹-
87 611 134 646 to
167 604 325 649 Graeci
355 608 526 658 milites,
567 608 711 649 redire
737 608 837 650 iussi
867 609 1037 661 domos,
1069 627 1260 668 quorum
1293 615 1444 671 equiti-

86 677 168 719 bus
195 677 370 732 singulis
400 679 629 720 denarium
652 683 663 703 ¹
697 695 800 722 sena
827 680 944 722 milia
964 680 1102 736 [data.
1122 684 1168 739 ²]
1214 687 1320 742 Ipsis
1337 703 1443 744 quo-

0 759 168 805 *1sque
214 747 350 790 finem
396 751 575 792 militiae
623 750 771 792 adesse
818 753 1070 796 credebant.
1151 757 1280 800 Haud
1320 775 1442 802 secus

43 848 47 868 ;
84 834 217 876 quam
243 835 324 876 par
354 829 448 862 erat
478 823 699 874 territus,³
735 823 808 881 qui
823 825 955 868 Indos
971 834 1101 885 etque
1119 828 1269 871 ultima
1287 829 1443 873 Orien-

81 889 137 932 tis
166 878 398 947 peragrare
434 894 669 944 statuisset,
710 896 956 952 praefectos
988 899 1217 956 copiarum
1250 902 1295 942 in
1320 918 1442 959 prae⁴

81 962 249 1004 'torium
280 963 524 1006 contrahit:
564 967 819 1024 obortisque
855 969 1057 1021 lacrimis,
1098 981 1150 1014 ex
1175 973 1323 1014 medio
1353 975 1444 1031 glo-

81 1033 171 1074 riae
199 1034 338 1090 spatio
369 1037 565 1078 revocari
596 1053 653 1088 se,
682 1039 784 1081 victi
813 1040 949 1097 magis
980 1057 1115 1099 quam
1141 1044 1320 1086 victoris
1351 1045 1444 1086 for—

20 1118 68 1150 19
81 1112 236 1146 tunam
267 1106 311 1147 in
338 1107 530 1163 patriam
565 1110 807 1152 relaturum
844 1121 1109 1168 conquestus
1140 1123 1217 1165 est,
1245 1132 1328 1159 nec
1358 1117 1440 1159 sibi

79 1177 291 1233 ignaviam
326 1179 518 1221 militum
554 1181 749 1230 obstare,
788 1183 864 1225 scd
899 1184 1086 1226 deorum
1112 1187 1335 1240 invidiam,
1366 1189 1441 1246 qui

77 1248 324 1304 fortissimis
361 1251 460 1292 viris
502 1253 697 1295 subitum
736 1255 904 1311 patriae
932 1256 1196 1300 desiderium
1227 1260 1441 1303 admovis-

79 1328 186 1376 sent,
215 1322 347 1378 paulo
372 1331 474 1379 post
504 1323 550 1365 in
590 1326 776 1367 eandem
814 1343 937 1371 cum..
956 1329 1126 1372 maiore
1149 1331 1278 1374 laude
1305 1333 1443 1375 famae

15 1406 65 1430 20
78 1407 162 1449 que
187 1393 402 1436 redituris.
464 1397 583 1437 Tum
611 1412 715 1438 vero
745 1413 828 1454 pro
857 1413 901 1440 se
917 1399 1098 1456 quisque
1114 1417 1297 1458 operam
1315 1420 1444 1447 suam

79 1464 258 1515 offerre,
287 1465 540 1509 difficillima
572 1484 770 1526 quaeque
798 1485 991 1526 poscere,
1020 1472 1218 1528 polliceri
1250 1476 1440 1520 militum

80 1551 256 1592 quoque
287 1538 560 1595 obsequium,
590 1541 623 1587 si
655 1542 827 1583 animos
858 1558 1013 1584 eorum
1040 1544 1126 1588 leni
1156 1553 1202 1587 et
1228 1555 1329 1605 apta
1345 1565 1442 1592 ora-

78 1608 199 1658 tione
225 1611 502 1664 permulcere
531 1613 751 1654 voluisset.
805 1614 1055 1672 Nunquam,
1070 1617 1282 1661 infractos
1307 1629 1352 1665 et
1367 1622 1442 1663 ab·

40 1716 43 1718 .
77 1679 215 1722 iectos
236 1681 490 1733 recessisse,
530 1685 733 1740 quotiens
767 1685 1210 1742 ipsiusalacritatem
1249 1699 1294 1733 et
1328 1694 1440 1736 tanti

79 1751 210 1793 animi
241 1752 413 1807 spiritus
441 1752 617 1796 haurire
643 1756 902 1812 potuissent.
960 1760 1026 1819 lta
1057 1776 1102 1802 se
1128 1760 1352 1807 facturum
1380 1781 1441 1808 es-

32 1860 37 1880 ..
76 1839 122 1865 se
153 1825 402 1881 respondit.
426 1825 483 1866 illi
513 1827 688 1868 m0d04
716 1827 829 1885 vulgi
857 1844 982 1872 aures
1008 1839 1354 1890 praepararent⁵
1390 1837 1442 1878 si-

77 1895 137 1937 bi.
206 1896 406 1953 Satisque
448 1899 673 1949 omnibus,
705 1915 814 1956 quae
846 1901 892 1943 in
919 1917 1014 1963 rem
1042 1905 1306 1959 videbantur
1333 1921 1438 1960 esse,

79 1968 350 2024 compositis,
381 1969 526 2010 vocari
555 1971 610 2011 ad
628 1971 884 2014 contionem
916 1977 1155 2018 exercitum
1172 1977 1304 2030 xuss1t,
1321 1980 1439 2036 apud

79 2055 209 2096 quem
244 2039 376 2081 talem
405 2041 654 2097 orationem
683 2041 853 2085 habuit·

24 2122 81 2158 Ῑῐ.Δ
161 2115 514 2166 [Magnitudinem
548 2130 708 2165 rerum,
749 2133 856 2173 quas
900 2120 1125 2173 gessimus,
1161 2124 1338 2172 milites,
1376 2128 1438 2167 in-
1476 2129 1500 2175 7

80 2187 298 2227 tuentibus
325 2187 466 2236 vobis,
495 2191 668 2228 minime
694 2192 847 2231 mirum
877 2180 969 2243 est,
988 2180 1032 2236 et
1048 2197 1310 2238 desiderium
1327 2202 1440 2255 quie—

27 2269 48 2295 2
82 2260 143 2298 tis
171 2269 216 2299 et
242 2261 492 2301 satietatem
520 2263 688 2314 gloriae
716 2278 946 2306 occurrere.
1012 2269 1073 2308 Ut
1092 2271 1301 2327 *vo-mittam
1330 2274 1440 2328 Illy-

77 2332 179 2379 rios,
210 2332 433 2382 Triballos,
455 2337 705 2386 Boeotiam,
730 2336 971 2386 Thraciam,
995 2341 1215 2394 Spartam,
1231 2347 1441 2396 Achaeos,

77 2405 435 2458 Peloponnesum,
473 2422 652 2462 quorum
691 2409 782 2450 alia
819 2412 954 2452 ductu
991 2429 1097 2462 meo,
1136 2416 1230 2458 alia
1258 2420 1443 2472 imperio

79 2578 99 2604 1
124 2577 381 2624 denariorum.
434 2579 452 2606 2
480 2579 586 2617 dono
613 2583 791 2618 dederat:
818 2596 942 2632 neque
966 2595 1100 2623 tamen
1124 2594 1278 2624 constat
1304 2587 1450 2637 deside

170 2635 278 2667 νοεῖ-ν.
353 2633 372 2664 3
399 2633 587 2671 adii'clcur
611 2639 838 2674 Alexander.
876 2641 944 2674 ’4
961 2641 1084 2677 abest
1154 2648 1175 2674 δ
1203 2655 1434 2690 praeparent

1131 2706 1168 2747 L
