1703 2961
216 147 272 192 62
681 143 739 201 Q.
768 143 976 192 CURTII
1006 146 1148 193 RUFI

215 269 261 304 et
305 261 494 310 Araxen,
540 264 586 301 et
621 258 902 317 Hydaspem·
940 276 1100 320 magna
1140 261 1416 306 munimenta
1456 265 1578 321 regni

215 334 294 376 sui.
355 331 640 373 veniendum
681 330 727 372 in
766 346 971 388 campos,
1018 333 1094 375 ubi
1135 334 1356 389 paucitate
1395 353 1578 379 suorum

216 399 567 448 'erubescendum
607 404 674 445 sit.
751 403 962 457 Mediam,
994 407 1278 464 Hyrcaniam,
1319 410 1493 459 Bactra,
1534 416 1579 450 et
1611 427 1627 452 5

214 480 348 522 Indos
378 477 549 520 Oceani
580 475 753 519 accolas
787 479 964 534 quando
998 480 1248 522 aditurum?
1276 483 1370 522 ne²
1400 481 1581 536 Sogdia·
1677 460 1680 476 l

212 568 294 594 nos
331 559 375 592 et
403 548 671 592 Arachosios
699 549 943 601 nominem,
972 551 990 579 3
1038 560 1291 610 ceterasque
1333 560 1483 609 gentes
1523 552 1581 594 ad

212 625 466 668 Caucasum
503 627 549 663 et
584 621 773 662 Tanaim
800 623 1094 677 pertinentes?
1122 624 1453 666 Senescendum
1480 623 1578 667 fore

211 690 388 740 tantum
427 702 648 736 terrarum
672 693 740 735 vel
779 694 872 736 sine
909 696 1081 752 proelio
1123 697 1318 738 obeunti.
1383 698 1440 739 Se
1471 712 1576 739 vero
1611 708 1634 737 6

212 772 268 813 'ad
300 770 443 826 ipsum
468 781 629 808 vocare
667 765 906 818 desineret,
944 783 1139 824 namque
1177 769 1288 810 illius
1329 769 1457 811 exitio
1490 773 1576 811 se4

213 857 304 885 esse
338 847 588 881 venturum.
656 838 904 880 Alexander
947 840 1024 890 his,
1050 843 1066 868 ⁵
1110 840 1185 897 qui
1221 842 1387 884 litteras
1426 842 1577 884 attule-
1611 859 1626 884 7

209 922 323 964 rant,
366 911 604 968 respondit,
639 911 839 952 Dareum
879 911 957 953 sibi
997 911 1137 953 aliena
1176 914 1451 968 promittere,
1490 916 1577 956 et‘
1678 897 1681 905 Ι

211 986 333 1045 quod
357 992 506 1027 totum
547 983 742 1025 amiserit
771 983 877 1024 velle
905 984 1072 1040 partiri.
1124 985 1233 1027 Doti
1264 986 1344 1028 sibi
1376 986 1468 1028 dari
1497 987 1580 1041 Ly-

211 1061 342 1110 diam,
384 1058 526 1106 Ionas‚
554 1059 573 1081 ⁷
617 1055 864 1106 Aeolidem,
895 1057 1169 1113 Hellesponti
1201 1073 1340 1107 oram,
1368 1059 1579 1102 victoriae

209 1147 311 1176 suae
352 1128 563 1187 praemia.
624 1127 759 1184 Leges
795 1136 946 1170 autem
982 1145 1005 1170 a
1030 1130 1270 1171 victoribus
1302 1130 1399 1181 dici,
1433 1131 1574 1189 accipi

209 1220 235 1249 a
261 1204 400 1247 victis.
477 1202 529 1242 In
564 1206 665 1242 utro
694 1208 811 1242 statu
841 1203 975 1244 ambo
1007 1209 1161 1252 essent,
1192 1202 1226 1244 si
1255 1202 1372 1244 solus
1402 1203 1576 1260 ignora-

206 1286 285 1326 ret,
319 1273 651 1335 quamprimum
677 1273 825 1315 Marte
853 1274 1122 1317 decerneret.
1170 1275 1226 1316 Se
1259 1290 1448 1332 quoque,
1473 1291 1574 1317 cum
1607 1291 1626 1318 8

160 1367 165 1374 ·
206 1350 414 1394 transiret
441 1349 456 1373 ²³
493 1361 629 1397 mare,
665 1361 758 1387 non
798 1345 1015 1394 Ciliciam,
1059 1354 1135 1388 aut
1155 1346 1361 1400 Lydiam,
1393 1348 1575 1404 (quippe

205 1422 318 1469 tanti
347 1420 449 1463 belli
487 1419 685 1476 exiguam
719 1418 838 1461 hanc
875 1435 964 1460 esse
1005 1420 1292 1470 mercedem)
1323 1420 1398 1461 sed
1429 1421 1577 1461 Perse-

207 1480 359 1554 polim.
382 1500 517 1553 eaput
554 1490 675 1548 regni
716 1491 820 1541 eius,
858 1491 1021 1533 Bactra
1052 1492 1222 1542 deinde,
1255 1499 1300 1533 et
1329 1492 1578 1541 Ecbatana,

207 1567 440 1625 ultimique
468 1564 666 1607 Orientis
694 1578 819 1605 oram
844 1561 1031 1620 imperio
1052 1579 1130 1606 suo
1164 1565 1416 1607 destinasse.
1467 1551 1590 1621 Quo-

207 1656 380 1698 cunque
409 1638 477 1679 ille
516 1637 668 1694 fugere
711 1636 938 1692 potuisset,
969 1638 1114 1693 ipsum
1139 1639 1260 1695 sequi
1291 1653 1439 1694 posse:
1466 1638 1574 1679 desi-

203 1721 330 1768 neret
363 1720 529 1753 terrere
554 1708 824 1759 fluminibus,
867 1724 1001 1766 quem
1030 1710 1161 1752 sciret
1188 1710 1327 1752 maria
1354 1710 1570 1753 transisse.

139 1819 224 1857 22·
285 1816 427 1871 Reges
469 1810 650 1869 quidem
697 1809 808 1851 haec
848 1810 1082 1852 invicem9
1125 1811 1400 1867 scripserant.
1485 1812 1573 1854 Sed
1603 1829 1626 1861 9
1677 1851 1681 1862 ,

202 1887 367 1932 Rhodii
407 1885 569 1926 urbem
612 1898 737 1924 suam
766 1890 1010 1940 portusque
1050 1883 1272 1925 dedebant
1306 1883 1569 1926 Alexandro.

201 1962 281 2002 ll-le
319 1957 522 2001 Ciliciam
555 1956 729 1998 Socrati
762 1955 1016 2006 tradiderat,
1054 1956 1226 1998 Philota
1254 1955 1422 2013 regioni
1455 1957 1571 1998 circa

203 2034 373 2090 Tyrum
402 2031 518 2071 iusso
554 2028 817 2086 praesidere.
885 2029 1073 2082 Syriam,
1117 2044 1230 2086 quae
1259 2028 1395 2070 Coele
1426 2028 1572 2085 appel-

204 2105 337 2154 latur,
376 2101 697 2144 Andromacho
737 2101 971 2143 Parmenio
1014 2102 1268 2152 tradiderat,
1303 2101 1417 2143 bello
1449 2101 1568 2158 quod

204 2183 428 2234 supererat
442 2174 742 2217 interfuturus.
781 2175 887 2222 Rex,
908 2175 1234 2232 Hephaestione
1254 2173 1495 2215 Phoenices
1523 2178 1567 2199 ¹⁰
1588 2193 1634 2217 10
1676 2157 1680 2180 τ

205 2265 332 2292 oram
363 2249 495 2290 classe
530 2246 809 2304 praetervehi
838 2247 963 2298 iusso,
997 2249 1052 2290 ad
1083 2248 1240 2289 urbem
1268 2245 1434 2288 Gazam
1467 2260 1571 2287 cum

205 2322 414 2364 omnibus
445 2320 582 2378 copiis
607 2319 740 2362 venit.

207 2508 225 2533 1
251 2507 498 2554 Euphratem,
522 2506 696 2547 Araxem,
730 2505 964 2551 Hydaspem.
1105 2504 1125 2529 2
1149 2505 1223 2537 vel.
1361 2503 1380 2531 3
1411 2503 1570 2536 nomine

226 2561 229 2565 ’
296 2560 434 2595 addico
464 2568 614 2594 tantum
641 2568 768 2594 notos.
861 2561 884 2592 4
907 2559 1029 2594 abest.
1118 2560 1138 2588 5
1166 2560 1211 2592 iis
1241 2557 1330 2591 illis.
1404 2557 1426 2582 6
1447 2557 1567 2590 abest.

295 2616 312 2644 7
341 2617 504 2650 Ioniam.
733 2615 751 2642 8
784 2614 987 2648 transisset.
1211 2613 1232 2640 9
1264 2612 1432 2646 invicem
1456 2611 1567 2645 haec.

295 2670 339 2696 10
360 2671 424 2705 Ea:
450 2668 621 2715 emend.,
643 2669 866 2704 Phoenicis.
