1703 2961
231 134 312 177 156
683 136 738 192 Q.
771 136 977 181 CURTn
1010 137 1151 182 Ruri

229 248 338 281 tracti
365 254 466 282 sunt.
515 249 600 283 Una
625 260 670 282 ex
693 249 793 283 Eleis
824 249 1062 297 Achaeisque
1086 251 1242 285 urbibus
1273 251 1426 287 Pellene
1450 251 1586 286 foedus

229 310 524 355 aspernabatur3
561 318 597 344 et
629 311 670 345 in
701 311 861 345 Arcadia
894 313 1163 359 Megalopolis,
1191 312 1268 346 fida
1306 314 1586 348 Macedonibus

228 370 279 402 ob
309 370 476 418 Philippi
502 373 739 413 memoriam,
774 383 797 406 a
831 385 906 419 quo
939 374 1134 408 beneficiis
1166 374 1304 408 assecta
1327 375 1462 410 fuemt.
1510 375 1586 410 Sed

228 430 326 463 haec
361 439 439 466 arte
467 433 712 468 circumsessa
729 433 833 468 haud
852 437 987 481 procul
1015 436 1212 469 deditione
1238 436 1376 474 aberat.
1405 437 1478 471 nisi
1503 444 1584 470 tan-

229 492 316 526 dem
340 494 537 540 Antipater
561 495 809 529 subvenisset.
857 496 890 530 ls
922 505 1127 544 postquam
1153 505 1272 531 castra
1299 498 1427 532 castris
1453 505 1585 532 contu-

226 553 281 591 iit.
311 565 426 600 seque
454 567 613 589 numero
648 557 813 591 militum
849 559 1002 605 alioque
1028 567 1211 606 apparatu
1236 559 1471 605 superiorem
1495 571 1588 593 con-

226 619 364 662 spexit,
378 615 659 662 quamprimum
684 617 732 651 de
757 631 905 654 summa
931 633 1054 654 rerum
1082 622 1230 667 proelio
1260 621 1493 655 contendere
1515 627 1586 653 sta—

224 678 316 715 tuit:
351 689 476 724 neque
510 678 810 714 Lacedaemonii
845 681 1099 716 detrectavere
1134 691 1334 717 certamen.
1391 684 1444 718 Ita
1481 694 1583 716 com-

228 740 343 773 missa
366 747 420 773 est
441 751 579 785 pugna,
625 752 723 786 quae
756 752 836 775 rem
871 743 1096 789 Spartanam
1133 745 1315 778 maiorem
1349 745 1390 778 in
1426 743 1584 777 modum

227 801 375 836 afllixit.
423 802 521 835 Cum
549 801 653 835 enim
679 805 859 847 angustiis
885 805 1073 847 locorum,
1101 806 1142 838 in
1168 806 1305 851 quibus
1330 805 1583 852 pugnabatur,

227 861 378 902 confisi,
405 863 471 897 ubi
514 863 616 897 hosti
649 864 798 899 nullum
833 866 1090 900 multitudinis
1127 879 1234 900 usum
1258 868 1430 900 futurum
1454 866 1581 899 crede-

224 923 335 968 bant,
355 926 529 958 animose
557 927 747 971 congressi
776 934 911 967 essent,
935 939 1060 974 neque
1084 928 1317 962 Macedones
1340 928 1500 974 impigre
1528 938 1580 960 re-

222 987 409 1029 sisterent,
438 988 601 1021 multum
632 989 825 1033 sanguinis
857 988 983 1022 fusum
1009 997 1075 1022 est.
1134 989 1209 1023 Sed
1243 997 1445 1035 postquam
1477 989 1581 1022 Anti-

220 1055 329 1094 pater
348 1050 532 1094 integram
558 1049 722 1083 subinde
751 1063 905 1084 manum
934 1051 1196 1084 laborantibus
1216 1051 1290 1084 suis
1308 1050 1478 1084 subsidio
1499 1050 1583 1083 mit-

219 1110 336 1153 rebat,
361 1111 526 1156 impulsa
556 1110 952 1146 Lacedaemoniorum
985 1114 1084 1146 acies
1116 1113 1274 1158 gradum
1305 1112 1499 1158 paulisper
1526 1123 1581 1145 re-

220 1172 320 1205 tulit.
371 1172 487 1218 Quod
521 1173 763 1218 conspicatus
797 1174 896 1218 Agis,
937 1186 1023 1207 cum
1061 1173 1220 1208 cohorte
1256 1175 1372 1220 regia,
1410 1184 1507 1220 quae
1535 1185 1582 1208 ex

220 1234 434 1268 fortissimis
461 1235 672 1277 constabat,
703 1245 742 1267 se
767 1234 809 1267 in
835 1234 1021 1279 medium]

166 1294 187 1336 1
225 1296 346 1325 ***
372 1312 541 1354 pugnae
577 1296 809 1338 discrimen
850 1297 1051 1345 immisit,
1099 1297 1470 1354 obtruncatisque,
1508 1298 1623 1355 quil.

218 1369 465 1425 promptius
506 1369 773 1418 resistebant,
820 1383 1026 1424 magnam
1055 1377 1227 1425 partem
1255 1370 1453 1412 hostium
1479 1385 1579 1426 pro-

217 1441 341 1499 pulit.
399 1439 652 1497 Coeperant
675 1440 825 1496 fugere
855 1441 1053 1490 victores,
1085 1449 1129 1482 et
1155 1442 1296 1484 donec
1327 1442 1492 1484 avidius
1513 1458 1576 1484 se-
1604 1461 1624 1483 2

220 1521 403 1571 quentes
433 1513 477 1554 in
506 1513 687 1570 planum
717 1512 945 1563 deduxere,
976 1511 1100 1554 inulti
1119 1516 1133 1538 ¹
1167 1514 1402 1556 cadebant:
1433 1515 1508 1556 sed
1527 1522 1578 1555 ut

217 1587 413 1643 primum
453 1584 586 1635 locus,
626 1585 671 1626 in
710 1600 799 1642 quo
824 1592 938 1625 stare
966 1589 1190 1640 possent,²
1218 1585 1312 1637 fuit,
1343 1586 1489 1644 aequis
1518 1587 1577 1628 vi-

216 1659 337 1700 ribus
378 1658 637 1700 dimicatum
678 1663 752 1701 est.
816 1657 938 1697 Inter
978 1671 1131 1698 omnes
1177 1665 1326 1699 tamen
1359 1659 1577 1702 Lacedae·
1603 1675 1624 1703 3

215 1731 392 1774 'monios
416 1745 490 1771 rex
528 1728 761 1778 eminebat,
798 1743 891 1769 non
921 1743 1148 1769 armorum
1180 1730 1315 1771 modo
1347 1737 1391 1772 et
1418 1746 1574 1788 corpo-

215 1804 273 1846 ris
304 1802 461 1860 specie‚
489 1801 564 1843 sed
590 1800 723 1842 etiam
753 1795 1053 1856 magnitudine
1086 1801 1232 1851 animi,
1261 1818 1347 1858 quo
1369 1819 1458 1845 uno
1482 1805 1572 1846 vin-

215 1877 253 1920 ci
283 1891 373 1918 non
403 1873 560 1931 potuit.
625 1872 831 1929 Undique
867 1887 985 1913 nunc
1016 1872 1227 1923 cominus,
1256 1890 1373 1917 nune
1404 1877 1574 1918 eminus
1598 1894 1623 1919 4

213 1949 457 2007 petebatur,
498 1946 659 2003 diuque
701 1959 821 1985 arma
849 1943 1174 1992 circumferens,
1206 1945 1285 1986 alia
1316 1947 1398 1988 tela
1432 1948 1571 2005 clipeo

212 2020 470 2076 excipiebat,
501 2032 687 2074 corpore
715 2015 793 2058 alia
825 2015 1006 2057 vitabat:
1046 2017 1187 2059 donec
1216 2017 1337 2059 hasta
1367 2019 1565 2062 femina3

209 2093 419 2152 perfossa,
449 2090 640 2148 plurimo
685 2087 890 2144 sanguine
931 2088 1083 2140 effuso,
1117 2089 1346 2132 destituere
1377 2108 1569 2149 pugnan-

209 2177 316 2210 tem.
376 2165 494 2221 Ergo
535 2162 678 2219 clipeo
718 2175 797 2202 suo
841 2169 1070 2218 exceptum
1101 2162 1300 2219 armigeri
1327 2166 1486 2220 raptim
1521 2165 1564 2206 in

210 2245 351 2282 eastra
387 2234 649 2284 referebant,
689 2233 972 2275 iactationem
1020 2234 1249 2275 vulnerum
1285 2235 1403 2277 haud
1442 2236 1565 2280 facile

208 2310 486 2354 tolerantem.
556 2309 655 2348 Non
702 2311 852 2346 tamen
893 2306 1079 2348 omisere
1118 2307 1454 2349 Lacedaemonii
1488 2325 1564 2365 pu-

208 2398 354 2441 gnam,
394 2387 438 2422 et
467 2386 517 2422 ut
551 2379 746 2436 primum
783 2378 863 2419 sibi
902 2393 1034 2435 quam
1076 2377 1190 2419 hosti
1222 2379 1473 2434 aequiorem
1505 2381 1566 2422 lo-

210 2472 314 2499 cum
347 2467 501 2510 capere
533 2456 787 2507 potuerunt,
812 2450 998 2492 densatis
1019 2449 1245 2491 ordinibus
1266 2450 1401 2493 effuse
1429 2452 1564 2495 fluen-

208 2535 302 2570 tem
330 2527 376 2568 in
406 2541 450 2567 se
485 2523 625 2565 aciem
665 2537 886 2580 excepere.
953 2523 1058 2564 Non
1086 2521 1201 2563 aliud
1228 2522 1464 2566 discrimen
1494 2540 1560 2566 ve-

209 2645 230 2671 1
255 2641 380 2678 multi.
582 2639 603 2665 2
627 2645 767 2686 posset.
968 2638 989 2669 3
1013 2637 1174 2673 femora.

1596 2185 1613 2212 S

1596 2323 1619 2350 6

1595 2542 1611 2567 7
