1703 2961
226 147 309 189 352
698 150 753 207 Q
790 150 991 197 CURTH
1020 155 1158 199 RUFI

226 265 354 303 tum¹
385 260 582 315 proferri.
647 265 765 306 Tum
795 265 975 307 demum
1004 266 1089 308 fide
1118 267 1233 310 facta
1267 269 1447 326 professi
1471 280 1645 324 sunt‚11
1701 315 1703 325 Ι

226 350 309 375 nec
349 334 534 387 amplius
575 351 624 377 ex
661 344 782 378 tanta
820 339 1004 393 pecunia
1044 355 1177 395 quam
1218 348 1395 382 centum
1435 351 1478 384 et
1512 344 1586 385 tri-

225 406 343 462 ginta
377 407 537 448 talenta
581 410 848 465 superfuere.
915 410 1041 451 Adeo
1080 410 1148 451 ille
1178 412 1399 463 exereitus,
1429 423 1496 456 tot
1526 416 1588 457 di-

225 477 491 519 tissimarum
522 484 718 540 gentium
750 483 903 529 victor,
924 482 1020 538 plus
1039 490 1187 524 tamen
1210 484 1434 533 victoriae,
1453 502 1586 543 quam

226 557 427 611 praedae,
469 555 713 609 deportavit
743 570 793 595 ex
823 555 937 596 Asia.

162 635 188 676 9
312 628 524 671 Ceterum
560 636 610 669 ut
650 627 874 683 cognitum
909 634 994 677 est,
1035 626 1140 668 alios
1178 628 1342 669 remitti
1377 629 1647 680 domos‚212

225 701 330 742 alios
369 700 561 748 retineri,
596 705 856 755 perpetuam
895 714 996 739 eum
1038 699 1159 755 regni
1199 701 1345 740 sedem
1396 701 1441 741 in
1480 703 1581 743 Asia

222 773 480 814 habiturum
519 771 625 818 rati,
663 770 872 812 vecordes
915 778 958 811 et
994 770 1242 825 disciplinae
1272 771 1466 814 militaris
1503 774 1582 814 im-

220 860 464 894 memores,
501 842 713 885 seditiosis
749 842 930 883 vocibus
969 850 1107 883 eastra
1141 843 1387 897 complent,
1418 860 1582 901 regem-

220 933 304 973 que
335 916 526 958 Ferocius
561 931 694 972 quam
735 914 834 954 alias
871 914 1026 964 adorti,
1068 929 1220 955 omnes
1258 915 1386 956 simul
1416 917 1582 957 missio-

217 1006 321 1031 nem
360 989 580 1043 postulare
630 994 891 1040 coeperunt,
928 986 1142 1027 deformia
1186 1001 1261 1026 ora
1304 986 1578 1029 cicatricibus

216 1062 512 1117 canitiemque
541 1060 734 1114 capitum
767 1066 1051 1100 ostentantes.
1112 1059 1205 1100 Nee
1236 1066 1309 1099 aut
1337 1059 1642 1113 praefecto-13

215 1149 315 1174 rum
357 1132 659 1189 castigatione,
699 1137 775 1170 aut
815 1131 1078 1172 verecundia
1121 1130 1230 1185 regis
1274 1131 1482 1181 deterriti,
1514 1140 1578 1173 tu-

213 1207 436 1248 multuoso
483 1203 675 1245 clamore
714 1210 757 1243 et
794 1202 969 1242 militari
1008 1202 1213 1242 violentia
1252 1203 1471 1244 volentem
1518 1204 1578 1246 lo-

217 1279 289 1336 qui
322 1277 593 1323 inhibebant,
624 1273 767 1328 palam
797 1274 990 1328 professi,
1033 1289 1249 1329 nusquam
1278 1275 1391 1324 inde,
1424 1276 1502 1317 nisi
1526 1277 1577 1318 in

214 1351 415 1406 patriam,
442 1347 669 1402 vestigium
699 1360 788 1385 esse
818 1352 1030 1384 moturos.
1085 1345 1287 1385 Tandem
1319 1347 1486 1388 silentio
1520 1349 1641 1389 fa-14

216 1432 302 1472 eto,
336 1422 470 1478 magis
512 1418 608 1475 quia
643 1424 818 1457 motum
861 1433 949 1457 esse
987 1416 1248 1466 credebant,
1293 1433 1426 1473 quam
1474 1420 1574 1476 quia

214 1496 291 1550 ipsi
327 1492 491 1535 moveri
520 1497 737 1546 poterant,
771 1489 981 1546 quidnam
1013 1495 1188 1529 aeturus
1228 1497 1348 1538 esset,
1382 1499 1576 1545 expecta-

213 1569 332 1609 bant.
392 1566 482 1612 Ille,
519 1567 639 1627 Quid
676 1566 789 1611 haec,
829 1561 980 1618 inquit,
1015 1578 1167 1616 repens
1196 1567 1501 1613 consternatio,
1532 1576 1576 1607 et
1595 1577 1638 1604 15

211 1654 301 1684 tam
329 1657 496 1696 procax
535 1650 665 1694 atque
706 1635 846 1694 affusa
884 1636 1064 1675 licentia
1101 1638 1360 1676 denuntiat?
1409 1639 1576 1693 Eloqui

211 1716 408 1757 me’tzto:³
448 1714 593 1768 palam
633 1721 746 1751 certe
784 1711 971 1762 rupistis
1007 1711 1248 1762 imperium,
1290 1719 1334 1749 et
1374 1714 1571 1763 'precario

208 1805 288 1830 rex
318 1804 424 1835 sum,
456 1789 526 1826 cui
563 1801 646 1826 non
682 1784 944 1838 alloquendi,
983 1798 1066 1822 non
1117 1784 1321 1822 noscendi
1358 1786 1573 1824 monendi·-

209 1878 302 1917 que,
334 1874 410 1901 aut
448 1861 647 1900 intuendi
683 1873 765 1898 vos
805 1859 871 1896 ins
908 1857 1162 1911 reliquistis.
1230 1857 1446 1909 Equidem
1477 1873 1569 1897 cum
1584 1871 1634 1900 10‘

208 1938 320 1976 alios
357 1936 580 1974 dimittere
617 1934 663 1971 in
696 1932 906 1985 patriam,
948 1930 1059 1970 alios
1098 1944 1256 1968 mecum
1295 1931 1429 1982 paulo
1467 1942 1572 1984 post

210 2012 443 2064 deportare
490 2006 738 2052 statuerim,
795 2013 884 2043 tam
933 2004 1034 2043 illos
1088 2003 1367 2042 acclmnances
1424 2005 1570 2053 video,

209 2086 286 2139 qui
323 2083 488 2123 abituri
521 2089 645 2127 sunt,
684 2093 811 2133 quam
847 2078 946 2124 hos,
985 2091 1077 2115 cum
1119 2076 1271 2131 quibus
1309 2078 1571 2129 praemissos

210 2158 410 2211 subsequi
437 2156 587 2195 statui.
661 2152 782 2214 Quid
818 2152 898 2191 hoc
936 2158 1004 2189 est
1042 2150 1133 2189 rei?
1165 2151 1340 2203 dispari
1372 2151 1417 2189 in
1445 2165 1629 2190 causan

207 2234 322 2272 idem
353 2231 539 2271 omnium
577 2228 736 2266 clamor
782 2226 877 2265 est!
911 2223 1131 2263 Pervelim
1168 2225 1290 2268 scire,
1322 2232 1463 2262 utrum
1493 2225 1568 2277 qui

207 2305 443 2349 discedunt,
484 2317 538 2341 αιι
577 2300 652 2355 qui
690 2300 940 2344 retinentur,
979 2297 1033 2335 de
1063 2311 1127 2334 me
1157 2306 1401 2348 querantur.
1463 2293 1625 2338 Cre-13

208 2377 332 2418 deres
362 2389 449 2414 uno
491 2387 567 2412 ore
600 2385 754 2411 omnes
788 2367 1005 2410 sustulisse
1036 2366 1286 2416 clamorem,
1320 2368 1376 2407 ita
1405 2366 1567 2420 pariter

207 2464 258 2490 ex
287 2455 382 2488 tota
412 2445 621 2487 contione
651 2454 911 2496 responsum
943 2445 1017 2485 est,
1050 2454 1203 2479 ornnes
1234 2438 1369 2495 queri.

144 2523 199 2564 10
294 2520 414 2560 Tum
444 2516 526 2568 ille,
555 2520 659 2558 Non
685 2515 867 2563 hercule,
907 2510 1060 2568 inquit,
1100 2522 1250 2566 potest
1266 2512 1388 2572 fieri,
1415 2522 1465 2553 ut
1492 2513 1565 2552 ad·
1584 2527 1631 2558 19

1434 2586 1569 2625 ducar

207 2661 225 2686 1
252 2661 498 2695 talentorum.
770 2656 791 2682 2
818 2655 915 2689 m'ffli
947 2653 1116 2688 domum·
1385 2654 1403 2685 3
1432 2655 1563 2688 timeo.
