1703 2961
245 149 325 189 228
709 145 763 201 o.
795 145 1000 189 cur-Tu
1030 143 1170 188 Ruri
1224 142 1251 165 -·

248 262 408 303 Bactra
443 264 558 304 sunt,
596 256 779 314 stringit.
851 257 1098 300 Habitant⁸
1151 271 1263 314 quae
1306 253 1603 313 Septentrioni

249 333 492 390 propiora²
524 337 645 378 sunt;
683 329 931 386 profundae
969 330 1071 371 inde
1101 329 1241 378 silvae,
1279 336 1520 386 vastaeque·
1540 343 1606 370 so-

249 404 455 445 litudines
488 402 726 459 excipiunt:
755 417 903 443 rursus
921 417 1031 459 quae
1064 402 1136 442 et³
1170 398 1355 441 Tanaim
1385 408 1428 442 et
1446 399 1605 442 Bactra
1701 412 1703 430 ¹

245 482 449 533 spectant
489 474 686 516 humano
729 473 847 515 cultu
889 473 1008 513 haud
1052 470 1237 528 disparia
1267 479 1379 513 sunt.
1415 471 1606 513 'Primus
1639 490 1655 517 s

247 563 352 589 cum
387 546 472 588 hae
512 553 642 602 gente
678 560 771 587 non
804 545 1027 600 provisum
1065 544 1228 585 bellum
1267 543 1513 585 Alexander
1541 559 1610 601 ge-

248 627 406 669 sturus,
441 632 544 660 cum
577 617 622 659 in
649 623 891 673 conspectu
931 616 1020 657 eius
1053 616 1332 672 obequitaret
1360 615 1508 666 hostis,
1536 616 1610 657 ad-

247 691 337 732 huc
370 704 498 744 aeger
528 705 577 731 ex
607 689 797 742 vulnere,
827 688 1062 746 praecipue
1090 703 1199 729 voce
1227 686 1443 738 deficiens,
1476 702 1609 744 quam

249 771 293 804 et
322 762 525 803 modicus
566 762 687 804 cibus
723 768 766 803 et
807 759 984 802 cervicis
1025 760 1287 801 extenuabat
1329 759 1470 805 dolor,
1503 759 1610 801 arni-

1701 634 1703 649 ι

1699 676 1703 692 l

1699 694 1703 788 l

250 849 325 877 cos
358 833 403 876 in
440 833 672 876 consilium
711 832 915 875 advocari
954 832 1086 876 iubet.
1147 833 1363 874 Terrebat
1389 847 1490 873 eum
1517 846 1608 873 non
1639 845 1664 874 6

247 905 397 956 hostis,
434 905 511 947 sed
543 905 748 963 iniquitas
780 904 1003 961 temporis.
1073 903 1296 945 Bactriani
1334 903 1611 946 defecerant:

249 977 439 1039 Scythae
471 976 601 1019 etiam
631 976 926 1019 lacessebant:
955 976 1044 1031 ipse
1065 991 1157 1017 non
1182 975 1377 1017 insistere
1406 975 1451 1018 in
1481 983 1609 1028 terra,

248 1065 341 1092 non
371 1065 484 1109 equo
513 1048 628 1097 vehi,
653 1064 746 1090 non
776 1050 948 1099 docere,
979 1064 1069 1089 non
1098 1047 1266 1089 hortari
1293 1061 1393 1089 suos
1421 1053 1612 1103 poterat,

247 1121 442 1179 Ancipiti
483 1120 682 1178 periculo
723 1120 973 1178 implicitus,
1022 1120 1127 1161 deos
1166 1134 1342 1176 quoque
1394 1119 1608 1170 incusans,
1644 1140 1661 1166 7

248 1193 528 1253 querebatur,
559 1208 603 1235 se
633 1192 776 1235 iacere
800 1209 992 1250 segnem,
1022 1192 1143 1234 cuius
1170 1191 1446 1233 velocitatem
1477 1207 1609 1233 nemo

247 1273 376 1309 antea
405 1264 608 1307 valuisset
627 1264 841 1322 effugere.-
867 1266 934 1307 vix
963 1279 1063 1307 suos
1091 1263 1271 1306 credere
1297 1279 1389 1306 non
1418 1263 1611 1306 simulari

246 1337 556 1381 valetudinem.

182 1420 238 1462 30
333 1412 442 1452 Ita⁴
485 1410 560 1468 qui
601 1417 702 1466 post
746 1410 946 1451 Dareum
993 1408 1158 1451 victum
1205 1407 1365 1449 ariolos
1412 1415 1457 1449 et
1494 1415 1613 1450 vates
1645 1423 1664 1453 s

250 1482 480 1526 consulere
510 1481 710 1533 desierat,
740 1495 887 1522 rursus
918 1480 973 1521 ad
1003 1480 1370 1536 superstitionem,
1400 1479 1613 1522 humana·
1696 1478 1697 1482 ¹

246 1570 348 1597 rum
387 1554 604 1596 mentium
639 1553 851 1603 ludibria,
889 1553 1131 1602 revolutus,
1170 1551 1497 1601 Aristandrum,
1543 1551 1611 1593 cui

250 1625 555 1669 credulitatem
597 1640 722 1667 suam
762 1625 1002 1675 addixerat,
1043 1625 1267 1681 explorare
1305 1631 1512 1665 eventum
1545 1639 1612 1665 re-

248 1714 351 1758 rum
391 1697 612 1740 sacrificiis
651 1697 786 1741 iubet.
831 1697 931 1738 Mos
963 1705 1059 1738 erat
1095 1697 1364 1753 aruspicibus
1396 1704 1490 1737 exta
1520 1697 1624 1738 sinev
1682 1704 1685 1707 '

248 1752 747 1828 rege,spectarc‚⁸et,quae
758 1769 1141 1826 portenderentur,
1159 1768 1335 1810 referre.
1368 1769 1488 1810 lnter
1502 1769 1610 1814 haec
1642 1787 1663 1818 9

248 1858 343 1893 rex,
382 1842 490 1884 dum
527 1840 646 1883 fibris
682 1842 908 1898 pecudum
947 1842 1228 1898 explorantur
1271 1849 1450 1883 eventus
1478 1842 1612 1884 laten-

247 1916 361 1961 tium
400 1929 566 1962 rerum,
604 1912 788 1971 propius
822 1913 966 1970 ipsum
1004 1913 1232 1956 considere
1275 1914 1441 1957 amicos
1476 1915 1610 1965 iubet,

247 2004 304 2030 ne
335 1986 621 2030 contentione
652 1984 770 2027 vocis
798 1985 1050 2028 cicatricem
1077 1985 1299 2027 infirmam
1322 1984 1466 2028 adhuc
1495 2001 1613 2028 rum·-

246 2068 386 2118 peret.
446 2058 761 2116 Hephaestio,⁵
797 2056 1007 2099 Craterus
1050 2065 1094 2098 et
1123 2057 1322 2114 Erigyius
1353 2066 1476 2100 erant
1509 2074 1611 2101 cum

250 2132 506 2176 custodibus
544 2131 590 2171 in
626 2130 960 2171 tabernaculum
997 2129 1195 2172 admissi..
1253 2133 1520 2181 Discrimen,
1550 2130 1611 2171 in·
1632 2149 1694 2172 ιο.

251 2205 359 2263 quit,
396 2222 460 2246 me
499 2206 736 2258 occupavit
772 2204 946 2244 meliore
981 2205 1194 2252 hostium,
1229 2219 1354 2258 quam
1385 2219 1474 2245 meo
1509 2206 1612 2244 cem-

250 2295 370 2334 pore.
444 2279 531 2320 Sed
572 2278 806 2318 necessitas
841 2287 942 2316 ante
980 2279 1193 2317 rationem
1237 2288 1317 2327 esc,
1355 2280 1543 2317 maxime
1567 2280 1612 2318 in

251 2352 377 2401 hello,
421 2366 506 2406 quo
548 2366 647 2392 raro
688 2351 963 2403 permittitur
999 2361 1199 2403 tempora
1227 2350 1417 2403 legere.⁶
1475 2347 1675 2409 Dese-11

256 2440 348 2465 cere
376 2425 626 2473 Bactriani,
655 2425 702 2464 in
733 2437 912 2478 quorum
940 2423 1182 2463 cervicibus
1208 2432 1384 2472 scamus,
1414 2433 1458 2464 et
1485 2439 1611 2478 quan-

254 2603 271 2626 1
299 2600 420 2634 abest.
579 2599 600 2624 2
624 2598 674 2633 dc
698 2601 933 2633 coniectura.
966 2597 1082 2632 CodA.
1110 2599 1268 2644 propia:
1295 2599 1402 2646 vulgo
1428 2598 1615 2644 proxima.

340 2654 360 2684 3
387 2654 448 2687 ad.
601 2653 623 2684 4
650 2653 793 2697 itaque.
948 2653 967 2681 ⁵
995 2652 1274 2699 Hephaestion.
1412 2652 1432 2679 ⁶
1461 2652 1614 2700 eligere.
