1703 2961
264 147 347 192 DE
388 138 595 188 GESTIS
642 132 809 178 ALEx.
844 125 980 170 ARG.
1009 123 1164 165 LIBRI
1202 120 1257 161 V.
1371 113 1451 155 109

149 263 226 309 (12)
250 261 477 295 Pei-venerat
508 246 722 288 Alexander
755 242 803 276 ad
834 240 941 287 pylas
974 236 1139 268 Persicas
1175 232 1254 265 sive
1291 226 1456 266 Susidas,

104 326 305 361 artissimas
339 321 481 353 fauces.
511 322 603 358 quas
642 305 916 342 Ariobarzanes
952 310 1040 331 cum
1084 294 1228 328 idoneo
1263 287 1456 337 praesidio

105 384 350 422 defendebat.
409 378 574 411 Temere
608 367 765 415 ingressi
802 361 1036 396 Macedones
1062 366 1199 399 magno
1226 364 1313 387 cum
1341 348 1459 383 detri-

106 455 237 483 mento
274 441 522 489 repelluntur.
598 431 679 478 (413²)
715 428 820 462 Unus
855 422 1094 468 captivorum
1129 417 1314 449 silvestres
1344 410 1461 444 calles

108 512 222 545 docet
258 516 348 546 esse,
385 500 521 547 quibus
548 495 588 528 in
621 489 810 526 Persidem
834 481 1025 531 perveniri
1052 477 1182 526 possit.
1232 472 1355 509 Simul
1383 471 1461 504 eius

109 581 229 606 terrae
262 569 352 602 situs
389 574 432 596 ac
469 565 603 593 natura
633 549 872 586 describitur.
932 540 1015 589 (tlt)
1058 538 1218 584 Accepit
1251 532 1465 570 Alexander

111 631 271 680 pastoris
314 623 567 674 promissum,
611 612 756 648 itineris
797 606 1022 642 difficultate
1059 600 1218 635 minime
1257 593 1470 634 deterritus,

114 703 271 738 remque
305 699 392 722 cum
432 684 588 717 Cratero
621 673 828 723 prudenter
863 665 1093 714 composuit.
1158 661 1236 705 (15)
1272 659 1356 703 lpse
1381 665 1470 688 cum

113 761 221 802 parte
249 749 443 786 exercitus,
466 743 575 778 victis
602 732 900 783 impedimentis,
929 729 1010 774 (16)
1046 727 1090 759 in
1115 731 1305 757 summum
1330 715 1471 750 montis

116 816 296 852 verticem
322 809 450 844 evasit.
511 804 615 837 Tum
650 791 898 833 circumventi
932 792 1080 827 Persae,
1113 783 1284 827 undique
1310 777 1472 825 urgenti-

120 880 188 912 bus
222 873 410 913 hostibus,
439 866 589 901 fortiter
625 858 897 895 occubuerunt,
933 849 1206 884 Ariobarzanes
1234 842 1370 888 erupit,
1408 837 1477 873 sed

119 934 314 982 Persepoli
349 930 520 965 exclusus
557 931 594 957 et
628 923 710 968 ipse
747 926 876 952 caesus
904 919 969 946 est.
1034 910 1109 953 (17)
1134 904 1305 939 Monitus
1331 913 1353 935 a
1377 899 1478 934 Tiri-

123 1000 222 1040 date,
247 992 442 1042 praefecto
469 986 594 1033 regiae
623 979 828 1029 pecuniae,
865 971 1080 1008 Alexander
1103 965 1341 1013 Persepolim
1367 973 1480 997 occu.-

123 1071 214 1107 pare
241 1053 445 1091 festinavit.
504 1050 628 1092 Prope
665 1042 801 1076 urbem
828 1045 964 1080 agmen
997 1033 1032 1065 ei
1059 1030 1212 1064 obviam
1236 1026 1342 1061 venit
1366 1024 1483 1058 Grae·-

125 1131 259 1155 corum
286 1115 536 1160 captivorum,
573 1118 595 1140 a
627 1103 744 1139 Persis
778 1097 894 1133 foede
931 1094 1207 1131 mutilatorum,
1233 1086 1370 1133 quibus
1395 1094 1485 1118 cum

125 1193 191 1216 rex
213 1177 409 1226 pollicitus
436 1179 547 1213 esset,
574 1169 615 1202 in
632 1164 794 1212 patriam
814 1158 978 1193 reditum
993 1164 1074 1187 sese
1100 1150 1382 1197 expediturum,
1400 1144 1484 1188 (18)

128 1243 185 1277 illi
218 1243 318 1275 inter
347 1249 386 1271 se
421 1233 694 1267 deliberarunt,
729 1220 824 1268 quid
860 1230 882 1251 a
916 1227 1002 1262 rege
1038 1213 1253 1261 petendum
1278 1209 1489 1243 videretur„-

129 1312 167 1339 et
193 1302 276 1336 aliis
303 1297 459 1344 quidem
479 1293 521 1326 in
543 1290 631 1324 Asia
655 1281 940 1320 remanendum,
965 1277 1047 1323 (19)
1075 1275 1157 1310 aliis
1185 1283 1300 1320 quarn
1319 1270 1490 1316 primum.

132 1362 371 1401 redeundum
398 1358 439 1391 iu
472 1351 674 1388 Graeciam
708 1341 966 1381 censentibus,
989 1337 1084 1372 vicit
1107 1333 1388 1369 remanentium
1407 1341 1491 1364 sen-

134 1427 264 1461 tentia.
312 1423 359 1456 Et
384 1419 524 1452 horum
558 1411 714 1458 quidem
739 1407 916 1440 fortunae
939 1397 1155 1435 Alexander
1172 1394 1382 1430 liberaliter
1399 1403 1491 1426 con-

135 1488 265 1524 suluit,
311 1482 393 1529 (20)
424 1479 528 1512 Tum
557 1470 793 1517 Persepolim
819 1462 976 1510 ingressi
1004 1458 1239 1494 Macedones
1267 1456 1371 1490 iussu
1395 1453 1492 1498 regis

137 1550 380 1595 diripuerunt
411 1552 454 1574 ac
485 1541 691 1571 vastarunt.
751 1529 834 1563 Illic
863 1533 900 1559 et
924 1521 1141 1567 Persagadis
1168 1524 1354 1564 quantum
1379 1525 1496 1562 pecu-

139 1613 228 1646 niae
261 1613 415 1653 captum
450 1602 497 1634 sit
523 1598 696 1632 refertur.
760 1590 843 1635 (21)
881 1585 1067 1620 Interiora
1101 1579 1263 1615 Persidis
1299 1577 1499 1621 fetamque

141 1679 294 1719 gentem
328 1664 551 1701 Mardorum
584 1658 696 1691 unius
728 1652 808 1685 fere
847 1647 984 1682 mensis
1021 1643 1145 1690 spatio
1171 1642 1252 1687 ipse
1285 1636 1501 1672 Alexander

86 1771 90 1776 ,
143 1732 292 1769 domuit
326 1727 475 1772 sibique
509 1729 642 1768 parere
675 1713 810 1759 coegit.
847 1710 973 1756 (Vere
1005 1707 1160 1740 annia.
1190 1702 1279 1737 Chr.
1307 1707 1390 1734 nae.
1419 1700 1501 1733 330.

146 1795 295 1842 Olymp.
325 1793 405 1831 112,
428 1786 484 1831 2.)
540 1781 622 1828 (22)
665 1772 902 1820 Persepolim
943 1777 1126 1806 reversus,
1158 1771 1313 1798 auctore
1349 1758 1504 1794 Thaide

146 1853 352 1890 meretrice,
381 1848 524 1894 regiam
552 1839 736 1880 incendit,
762 1835 845 1882 (23)
870 1830 1033 1879 posthac
1056 1840 1137 1862 non
1163 1825 1386 1860 restitutam.
1438 1821 1505 1855 Se-

148 1928 188 1951 ra
213 1911 453 1961 poenitentia
478 1913 602 1940 motus
629 1900 802 1936 Mediam
827 1894 938 1942 petit,
967 1890 1130 1924 Darium
1155 1892 1436 1934 persecuturus.

191 1974 269 2021 (24)
299 1973 376 2019 Qui
398 1967 586 2015 longioris
608 1965 720 2009 fugae
747 1957 910 1994 consilio
937 1953 1101 1993 abiecto,
1129 1961 1217 1984 cum
1248 1948 1293 1982 iis
1323 1956 1415 1991 quas
1440 1942 1508 1976 ha-

150 2039 266 2073 bebat
299 2033 422 2081 copiis
455 2022 648 2064 decertare
680 2022 819 2057 statuit.
863 2024 900 2051 et
933 2014 1108 2049 oratione
1138 2009 1282 2051 habita,
1304 2013 1512 2053 postquam

153 2110 308 2138 suorum
329 2096 508 2129 virtutem
522 2090 713 2132 fidemque
729 2080 911 2120 laudavit,
933 2077 1016 2121 (25)
1035 2085 1098 2108 eos
1118 2072 1340 2106 adhortatur
1360 2074 1398 2100 et
1415 2072 1510 2108 orat,

155 2169 198 2198 ut
231 2157 349 2193 semel
381 2167 468 2189 cum
501 2148 677 2185 mutabili
708 2146 864 2179 fortuna
895 2137 1118 2183 transigant.
1171 2132 1254 2178 (26)
1287 2131 1514 2172 Ceterorum.

157 2232 350 2257 assensum
374 2215 577 2252 Artabazus
605 2207 792 2257 exprimit,
813 2202 882 2236 sed
905 2200 1160 2238 Nabarzanes,
1173 2192 1390 2239 Hyrcaniae
1405 2200 1514 2237 prae-

158 2285 294 2321 fectus,
317 2278 482 2315 consilio
521 2280 608 2308 ante
637 2282 725 2304 cum
751 2268 881 2306 Besso,
907 2261 1200 2296 Bactrianorum
1227 2260 1416 2301 praetore,
1440 2250 1516 2284 ini-

160 2355 215 2385 to,
246 2340 427 2390 speciosis
452 2336 575 2372 verbis
608 2331 754 2370 suadet,
778 2334 821 2361 ut
844 2324 901 2360 illi
925 2334 994 2370 per
1020 2316 1179 2364 aliquod
1201 2321 1351 2360 tempus
1377 2312 1515 2346 Darius

162 2406 367 2452 imperium
400 2398 536 2434 tradat.
615 2395 676 2438 27)
711 2392 797 2425 Rex
829 2388 885 2421 ira
923 2382 1071 2424 exarsit,
1107 2387 1217 2424 aegre
1249 2376 1296 2409 ab
1329 2374 1516 2409 Artabazo

163 2469 354 2513 mitigatus
376 2459 628 2497 tabernaculo
662 2466 701 2489 se
739 2448 907 2485 inclusit.
973 2441 1168 2478 Exercitus
1199 2437 1438 2485 perturbatus
1474 2435 1519 2469 in

163 2537 286 2578 partes
299 2516 489 2561 dividitur.
521 2519 749 2567 (2S)Bessus
764 2520 799 2546 et
812 2510 1064 2545 Nabarzanes,
1075 2500 1260 2549 quoniam
1276 2498 1404 2544 palam
1425 2509 1522 2531 con-

165 2591 293 2626 silium
318 2587 455 2633 exequi
480 2595 564 2625 non
591 2582 776 2627 possunt,
805 2572 896 2607 dolo
929 2578 1038 2614 agere
1066 2568 1248 2603 statuunt,
1282 2571 1327 2594 ac
1352 2558 1435 2603 (29)
1472 2557 1520 2591 si-

166 2653 310 2687 mulata
339 2644 593 2697 poenitentia,
623 2636 797 2676 Artabazi
832 2643 949 2680 opera
982 2628 1097 2664 etiam
1122 2635 1209 2659 cum
1234 2632 1334 2667 rege,
1359 2620 1523 2654 homine
