1703 2961
398 140 481 184 DE
524 139 734 185 GESTIS
765 139 934 182 ALEX.
979 138 1092 190 VIII,
1122 137 1191 182 40.
1392 136 1473 182 287

117 253 194 310 pit,
233 252 483 310 multosque
518 251 657 299 hasta,
695 251 912 309 quosdam
951 251 1095 308 gradio
1127 249 1370 299 interemit3
1396 248 1474 291 sed

119 340 221 366 cum
262 331 331 366 tot
372 340 510 366 unum
549 325 816 366 incesserent
850 337 1020 373 manus,
1063 338 1194 379 super
1220 322 1349 364 amici
1380 334 1477 363 cor-

55 411 194 453 17pus
225 397 464 452 procubuit
492 395 713 442 exanimis.
765 396 894 437 Haud
923 410 1061 443 secus,
1094 410 1229 452 quam
1261 408 1340 449 par
1366 399 1474 441 erat,

116 468 549 525 promptissimorum
579 467 786 509 iuvenum
821 475 1159 525 ceterorumque
1194 467 1383 508 militum
1414 464 1478 504 in-

0 563 1 568 =
55 541 249 582 18teritu
290 548 542 582 commotus
579 555 655 581 rex
692 540 874 596 signum·
900 540 1097 596 receptui
1138 540 1272 581 dedit.
1336 535 1475 580 Saluti

114 612 210 659 fuit,
245 612 364 668 quod
405 612 566 653 sensim
605 618 647 653 et
684 611 890 667 intrepidi
921 626 966 653 se
995 619 1277 666 receperunt3
1305 617 1350 651 et
1381 609 1478 650 bar-

115 684 222 732 bari,
238 683 410 724 hostem
428 683 639 740 depulisse
659 683 871 730 contenti,
883 698 975 724 non
996 683 1188 725 institere
1204 682 1474 725 cedentibus.

53 770 100 801 ¹9
199 755 412 797 Ceterum
450 755 694 797 Alexander
733 770 836 797 cum
871 756 1090 797 statuisset
1121 756 1326 797 desistere
1358 748 1535 795 ince-41

115 836 207 886 pto,
236 828 418 885 (quippe
449 827 565 868 nulla
594 843 690 884 spes
718 828 960 884 potiundae
989 835 1140 884 petrae
1173 827 1477 875 offerebatun)

116 908 268 941 tamen
309 899 500 956 speciem
552 899 742 940 ostendit
789 900 833 941 in
880 900 1108 942 obsidione
1146 897 1477 956 perseverantis.

113 972 232 1013 Nam
264 978 309 1012 et
339 970 492 1013 itinera
529 971 717 1012 obsideri
757 970 888 1021 iussit,
918 979 961 1013 et
991 979 1133 1013 turres
1166 969 1403 1020 admoveri,
1436 975 1480 1009 et

55 1043 307 1099 zofatigatis
335 1042 440 1084 alios
467 1043 714 1085 succedere.
764 1042 901 1085 Cuius
928 1043 1167 1098 pertinacia
1199 1042 1387 1099 cognita.
1412 1043 1480 1082 In-

118 1115 160 1156 di
189 1129 269 1170 per
304 1114 492 1155 biduum
534 1114 712 1172 quidem
746 1130 796 1156 ac
830 1115 936 1156 duas
967 1124 1132 1165 noctes,
1158 1131 1260 1157 cum
1290 1121 1482 1156 ostenta-

116 1187 238 1228 tione
263 1201 356 1227 non
386 1184 572 1227 fiduciae
605 1186 756 1236 modo,
797 1186 872 1227 sed
903 1187 1035 1228 etiam
1062 1187 1283 1237 victoriae,
1317 1186 1479 1243 epulati

51 1278 98 1302 21
116 1266 228 1309 sunt,
266 1265 478 1316 tympana
518 1273 596 1300 suo
638 1272 764 1299 more
794 1258 1028 1314 pulsantes.
1087 1259 1234 1300 Tertia
1266 1273 1371 1300 vero
1404 1272 1484 1299 no-

120 1338 189 1374 cte
218 1337 535 1387 tympanorum
569 1330 749 1387 quidem
778 1332 983 1386 strepitus
1013 1331 1200 1373 desierat
1229 1330 1388 1380 audiri3
1416 1346 1485 1371 ce-

117 1410 264 1444 terum
296 1417 346 1443 ex
375 1409 469 1442 tota
506 1409 630 1458 petra
673 1401 790 1444 faces
819 1403 1102 1460 resulgebant‚
1136 1419 1242 1460 quas
1274 1401 1487 1444 accende-

121 1482 224 1516 rant
251 1473 441 1523 barbari,
472 1480 522 1514 ut
549 1474 688 1517 tutior
713 1483 823 1516 esset
852 1476 951 1532 ipsis
983 1475 1103 1532 fuga,
1135 1476 1321 1517 obscura
1352 1480 1486 1515 nocte

60 1565 108 1589 22
124 1562 204 1605 per
233 1547 478 1597 inviarsaxa
511 1546 711 1588 cursuris.
774 1548 878 1597 Rex,
908 1535 1106 1596 Balacro,
1139 1547 1212 1603 qui
1244 1546 1489 1603 speculare-

123 1627 207 1670 tur,
251 1619 507 1676 praemisso,
550 1620 777 1675 cognoscit
813 1628 987 1676 petram
1017 1619 1117 1676 fuga
1152 1620 1369 1661 Indorum
1396 1633 1487 1659 esse

123 1692 355 1733 desertam.
400 1690 518 1731 Tum
549 1691 652 1732 dato
683 1691 820 1748 signo,
850 1699 900 1733 ut
926 1693 1113 1733 universi
1146 1691 1489 1739 conclamarent,

61 1762 418 1820 23incomposite
460 1761 728 1818 fugientibus
782 1772 952 1805 metum
992 1764 1185 1806 incussit.
1260 1763 1490 1819 Multique,

123 1842 337 1891 tanquam
386 1834 555 1875 adesset
593 1833 742 1884 hostis,
772 1851 852 1892 per
887 1837 1052 1878 lubrica
1084 1851 1198 1884 saxa,
1226 1851 1391 1893 perque
1426 1836 1490 1876 in-

122 1907 212 1947 vias
240 1914 360 1948 cotes
391 1904 664 1962 praecipitati
696 1908 974 1958 occiderunt;
1005 1909 1148 1965 plures
1178 1908 1321 1964 aliqua
1351 1923 1491 1948 mem-

0 1998 2 2012 =
63 1999 113 2023 24
126 1979 311 2020 brorum
333 1986 456 2034 parte
486 1977 677 2028 mulcati,
700 1983 712 2003 ¹
747 1979 801 2020 ab
827 1979 1004 2035 integris
1037 1980 1194 2021 deserti
1221 1987 1336 2021 sunt.
1397 1981 1492 2021 Rex

126 2051 329 2091 locorum
357 2049 491 2106 magis
532 2065 666 2105 quam
696 2050 891 2092 hostium
918 2052 1072 2100 victor,
1101 2060 1252 2092 tamen
1279 2067 1490 2108 magnam

126 2122 391 2163 victoriam²
434 2120 654 2162 sacrificiis
691 2130 734 2162 et
764 2123 883 2164 cultu
915 2124 1048 2165 deum
1079 2124 1197 2165 lecit.
1217 2125 1234 2151 3
1297 2126 1412 2165 Arae
1444 2125 1489 2166 in

63 2215 109 2241 2⁵
125 2201 248 2249 petra
283 2192 455 2234 locatae
501 2201 600 2234 sunt
639 2193 862 2236 Minervae
902 2197 1228 2253 Victoriaeque.
1287 2195 1490 2239 Ducibus

125 2264 301 2316 itineris,
331 2281 442 2322 quos
482 2265 626 2306 subire
659 2265 841 2317 iuss-erat
864 2267 1016 2309 leviter
1045 2275 1249 2317 armatos,
1282 2269 1359 2309 etsi
1387 2284 1491 2325 pro-

125 2336 263 2377 missis
297 2338 472 2378 minora
511 2337 837 2393 praestiterant,
877 2342 1069 2396 pretium
1101 2356 1203 2382 cum
1233 2339 1318 2381 fide
1346 2341 1491 2382 reddi-

124 2414 221 2448 tum
261 2416 336 2452 est.
399 2410 554 2451 Petrae
593 2410 870 2468 regionisque
910 2414 948 2453 ei
988 2413 1221 2455 adiunctae
1263 2412 1489 2454 Sisocosto

122 2479 260 2520 tutela
291 2481 513 2537 permissa.

127 2657 144 2681 1
168 2658 357 2694 mulctati.
544 2661 565 2687 2
588 2673 750 2708 magnae
773 2663 970 2698 victoriae.
1140 2661 1160 2693 3
1188 2662 1260 2697 diis
1287 2663 1487 2699 satisfecit.
