1703 2961
228 119 283 164 70
678 121 736 178 Q.
768 121 972 167 culmi
1007 123 1149 167 RUF1

228 246 333 288 gens
365 233 527 290 cupido
557 233 757 276 animum
788 236 1037 279 stimulabat
1068 236 1259 279 adeundi
1275 237 1438 289 Iovem,
1461 253 1597 296 quem
1682 205 1685 224 Ι

231 303 400 359 generis
426 307 490 347 sui
521 314 762 357 auctorem,
788 308 910 350 haud
942 316 1178 352 contentus
1207 311 1383 353 mortali
1409 310 1597 369 fastigio,

233 381 310 416 aut
341 377 549 420 credebat
578 395 683 428 esse,
715 389 792 423 aut
820 381 938 424 credi
968 381 1159 424 volebat.
1682 367 1686 410 Ι

168 444 222 486 30
317 448 436 506 Ergo
476 467 579 493 cum
619 452 698 502 his,
736 467 847 510 quos
881 453 1043 495 ducere
1082 469 1236 496 secum
1272 460 1500 504 statuerat,
1541 470 1604 497 se·
1633 467 1686 503 οξ

238 520 386 562 cundo
427 537 557 565 amne
593 524 818 567 descendit
855 526 910 567 ad
947 526 1204 568 Mareotin¹
1247 527 1470 583 paludem.
1534 527 1604 568 Eo
1681 507 1686 584 l

236 591 363 649 legati
397 592 718 650 Cyrenensium
747 597 864 640 dona
892 599 1090 650 attulere,
1117 614 1289 655 pacem,
1317 606 1361 640 et
1388 606 1438 639 ut
1468 597 1609 639 adiret
1682 593 1692 651 ξ,

240 665 371 706 urbes
413 681 522 717 suas,
559 675 771 724 petentes·
820 671 909 719 Ille,
938 671 1064 713 donis
1093 671 1295 728 acceptiS,
1328 669 1606 727 amicitiaque
1684 656 1693 681 '¹

245 735 493 793 coniuncta,
525 739 741 782 destinata
772 743 923 800 exequi
953 745 1105 800 pergit.
1162 745 1228 786 Ac
1255 743 1397 800 primo
1431 742 1610 800 quidem
1625 734 1692 787 102}

244 815 290 849 et
317 818 527 866 sequente
553 815 572 838 ²
603 813 674 855 die
712 814 948 858 tolerabilis
975 817 1102 858 labor
1129 816 1253 867 visus,
1286 816 1489 857 nondum
1515 822 1608 856 tam
1681 795 1692 835 ι’

243 881 374 922 vastis
401 883 616 942 nudisque
653 887 961 930 solitudinibus
998 888 1137 940 aditis,
1179 888 1269 930 iam
1298 896 1450 930 tamen
1478 886 1610 928 sterili

245 959 288 995 et
337 954 580 998 emoriente
632 966 761 1001 terra.
837 960 927 1003 Sed
960 969 1007 1003 ut
1033 976 1243 1016 aperuere
1274 977 1319 1003 se
1349 959 1493 1014 campi
1524 958 1611 1000 alto
1628 972 1686 1019 112

245 1024 395 1068 obruti
433 1030 609 1082 sabulo,
646 1030 769 1074 haud
805 1048 930 1075 secus
972 1049 1107 1090 quam
1141 1033 1417 1088 profundum
1447 1044 1615 1089 aequor
1681 1028 1685 1050 ¹

243 1095 435 1154 ingressi,
467 1108 632 1145 terram
664 1104 799 1146 oculis
829 1106 1126 1162 requirebant.
1186 1105 1315 1149 Nulla
1344 1105 1489 1155 arbor,
1520 1102 1685 1184 ῃυΙ-ιαῗ

244 1168 338 1211 lum
372 1172 474 1214 culti
507 1174 587 1216 soli
625 1176 889 1218 occurrebat
917 1179 1156 1235 vestigium.
1221 1179 1349 1236 Aqua
1382 1177 1515 1219 etiarn
1544 1175 1617 1216 de·
1681 1191 1691 1231 ,ξς

245 1240 425 1294 fecerat,
466 1262 602 1304 quam
642 1248 813 1290 utribus
851 1249 1005 1292 cameli
1041 1258 1261 1302 vexerant,
1287 1251 1306 1279 ³
1345 1257 1389 1291 et
1417 1248 1462 1289 in
1492 1247 1616 1289 arido
1681 1239 1684 1295 ᾗ

248 1313 342 1356 solo
383 1331 433 1358 ac
480 1318 649 1361 fervido
713 1321 867 1362 sabulo
925 1321 1041 1364 nulla
1086 1331 1190 1363 crat.
1283 1321 1355 1364 Ad
1391 1320 1524 1362 hoc*
1558 1307 1684 1375 solu!

248 1388 398 1430 omnia
419 1390 688 1443 incenderat,
716 1393 919 1452 siccaque
940 1400 984 1436 et
1003 1394 1156 1436 adusta
1181 1402 1307 1437 erant
1336 1408 1434 1436 ora:
1463 1394 1476 1419 ⁵
1514 1405 1617 1433 cum
1680 1385 1684 1442 l

248 1469 453 1516 repente,
505 1463 592 1504 sive
642 1464 748 1507 illud
792 1466 981 1508 deorum
1022 1481 1199 1515 munus,
1235 1466 1325 1508 sive
1361 1478 1485 1507 casus
1521 1461 1616 1513 fuit,
1679 1459 1684 1499 ἰ

249 1534 473 1576 obductae
514 1535 640 1577 coelo
678 1537 818 1580 nubes
858 1539 1099 1582 condidere
1124 1538 1272 1589 solem,
1315 1537 1466 1594 ingens
1498 1542 1619 1576 aestu
1679 1534 1684 1593 j

248 1604 453 1663 fatigatiS,
489 1607 658 1651 etiamsi
702 1625 815 1666 aqua
853 1610 1077 1660 deficeret,
1109 1611 1331 1654 auxilium.
1416 1597 1684 1672 Enimve-u}

251 1692 316 1728 ro,
345 1685 395 1720 ut
435 1678 604 1737 largum
636 1696 814 1739 quoque
853 1682 1045 1725 imbrem
1077 1688 1360 1726 excusserunt
1389 1679 1619 1736 procellae,
1679 1675 1683 1747 f

250 1766 333 1808 pro
365 1767 409 1793 se
440 1752 622 1810 quisque
654 1754 850 1810 excipere
884 1771 999 1806 eum,
1031 1756 1214 1813 quidam
1242 1754 1300 1797 ob
1333 1752 1450 1795 sitim
1481 1752 1622 1808 impo-
1678 1748 1682 1789 l

250 1830 394 1865 tentes
425 1824 503 1875 sui,
533 1840 610 1866 ore
640 1841 817 1884 quoque
835 1827 976 1868 hianti
1009 1834 1185 1883 captare
1202 1831 1458 1883 coeperunt.
1507 1805 1682 1889 Qua-11!

250 1896 450 1937 triduum
485 1912 566 1953 per
598 1907 739 1941 vastas
767 1899 1024 1942 solitudines
1053 1900 1340 1956 absumptum
1378 1904 1456 1940 est.
1512 1897 1627 1938 Iam·
1678 1905 1681 1939 ἔ

1678 1947 1682 1963 l

252 1983 338 2025 que
377 1968 500 2010 haud
537 1971 694 2027 procul
732 1971 898 2014 oraculi
925 1973 1028 2014 sede
1056 1972 1253 2021 aberant,
1287 1985 1392 2013 cum
1425 1969 1623 2026 complu-

251 2055 321 2082 res
373 2041 492 2083 corvi
539 2043 703 2100 agmini
747 2052 1008 2095 occurrunt,
1052 2043 1235 2086 modico
1279 2042 1428 2084 volatu
1477 2042 1621 2098 prima
1677 2043 1680 2071 ⁵

252 2111 371 2168 signa
412 2115 748 2167 antecedentes,
786 2123 831 2158 et
870 2117 1008 2159 modo
1048 2116 1174 2159 humi
1214 2115 1480 2162 residebant,
1519 2129 1623 2156 cum
1676 2088 1681 2132 ⁴

250 2183 409 2227 lentius
438 2201 594 2243 agmen
625 2188 860 2239 incederet,
889 2189 1028 2232 modo
1059 2205 1102 2231 se
1129 2188 1285 2244 pennis
1300 2187 1516 2238 levabant,
1546 2202 1623 2228 an-

254 2260 556 2302 tecedentium
581 2261 603 2286 ⁶
634 2261 806 2319 iterque
837 2261 1184 2303 monstrantium
1210 2259 1310 2302 ritu.

186 2333 234 2377 31
343 2334 547 2376 Tandem
586 2332 641 2375 ad
681 2334 831 2376 sedem
870 2341 1174 2377 consecratam
1216 2332 1300 2374 deo
1330 2337 1512 2372 ventum
1541 2324 1698 2372 estad,

254 2406 515 2452 Incredibile
561 2404 694 2457 dictu,
738 2406 853 2449 inter
890 2413 1028 2448 vastas
1064 2404 1322 2449 solitudines
1359 2402 1454 2454 sita,
1496 2403 1622 2445 undi-

259 2584 270 2605 ¹
308 2579 526 2614 Mareotim.
802 2578 823 2603 ²
855 2578 1046 2624 sequenti,
1319 2574 1340 2606 3
1374 2574 1617 2609 advexerant.

343 2637 366 2665 4
392 2634 502 2666 haec.
716 2635 734 2662 ⁵
765 2633 908 2666 omnia.
1112 2630 1134 2656 ⁶
1169 2627 1285 2665 codd.
1315 2629 1548 2665 cedentium.
