<?xml version="1.0" encoding="UTF-8"?>
<!DOCTYPE html PUBLIC "-//W3C//DTD XHTML 1.0 Transitional//EN"
    "http://www.w3.org/TR/xhtml1/DTD/xhtml1-transitional.dtd">
<html xmlns="http://www.w3.org/1999/xhtml" xml:lang="en" lang="en">
 <head>
  <title>
</title>
<meta http-equiv="Content-Type" content="text/html;charset=utf-8" />
  <meta name='ocr-system' content='tesseract 3.04.00' />
  <meta name='ocr-capabilities' content='ocr_page ocr_carea ocr_par ocr_line ocrx_word'/>
</head>
<body>
  <div class='ocr_page' id='page_1' title='image "./degestisalexandr00curtuoft_0213.png"; bbox 0 0 1703 2961; ppageno 0'>
   <div class='ocr_carea' id='block_1_1' title="bbox 225 116 1419 166">
    <p class='ocr_par' dir='ltr' id='par_1_1' title="bbox 225 116 1419 166">
     <span class='ocr_line' id='line_1_1' title="bbox 225 116 1419 166; baseline 0.001 -2"><span class='ocrx_word' id='word_1_1' title='bbox 225 121 308 164; x_wconf 89' lang='lat' dir='ltr'>DE</span> <span class='ocrx_word' id='word_1_2' title='bbox 339 120 547 164; x_wconf 83' lang='lat' dir='ltr'>GESTIS</span> <span class='ocrx_word' id='word_1_3' title='bbox 586 118 753 163; x_wconf 88' lang='lat' dir='ltr'><strong>ALEX.</strong></span> <span class='ocrx_word' id='word_1_4' title='bbox 786 116 925 160; x_wconf 79' lang='lat' dir='ltr'>ARG.</span> <span class='ocrx_word' id='word_1_5' title='bbox 953 117 1109 161; x_wconf 84' lang='lat' dir='ltr'>LIBRI</span> <span class='ocrx_word' id='word_1_6' title='bbox 1147 122 1221 163; x_wconf 74' lang='lat' dir='ltr'>vl.</span> <span class='ocrx_word' id='word_1_7' title='bbox 1337 122 1419 166; x_wconf 81' lang='lat'>153</span> 
     </span>
    </p>
   </div>
   <div class='ocr_carea' id='block_1_2' title="bbox 63 229 1451 2682">
    <p class='ocr_par' dir='ltr' id='par_1_2' title="bbox 63 229 1422 767">
     <span class='ocr_line' id='line_1_2' title="bbox 66 229 1419 278; baseline -0.003 -10"><span class='ocrx_word' id='word_1_8' title='bbox 66 233 236 268; x_wconf 87' lang='lat' dir='ltr'>comburi</span> <span class='ocrx_word' id='word_1_9' title='bbox 262 232 380 267; x_wconf 83' lang='lat' dir='ltr'>iussit.</span> <span class='ocrx_word' id='word_1_10' title='bbox 429 234 511 278; x_wconf 82' lang='lat'>(22)</span> <span class='ocrx_word' id='word_1_11' title='bbox 535 233 614 265; x_wconf 77' lang='lat' dir='ltr'>&#39;lam</span> <span class='ocrx_word' id='word_1_12' title='bbox 643 231 685 264; x_wconf 87' lang='lat' dir='ltr'>in</span> <span class='ocrx_word' id='word_1_13' title='bbox 718 229 955 263; x_wconf 76' lang='lat' dir='ltr'>Bactrianam</span> <span class='ocrx_word' id='word_1_14' title='bbox 980 229 1240 275; x_wconf 77' lang='lat' dir='ltr'>proficiscenti</span> <span class='ocrx_word' id='word_1_15' title='bbox 1267 236 1419 270; x_wconf 75' lang='lat' dir='ltr'>nuntia-</span> 
     </span>
     <span class='ocr_line' id='line_1_3' title="bbox 67 291 1418 340; baseline 0 -10"><span class='ocrx_word' id='word_1_16' title='bbox 67 305 126 330; x_wconf 88' lang='lat' dir='ltr'>tur</span> <span class='ocrx_word' id='word_1_17' title='bbox 153 294 426 335; x_wconf 77' lang='lat' dir='ltr'>Satibarzanes,</span> <span class='ocrx_word' id='word_1_18' title='bbox 463 294 529 328; x_wconf 90' lang='lat' dir='ltr'>cui</span> <span class='ocrx_word' id='word_1_19' title='bbox 561 293 642 339; x_wconf 88' lang='lat' dir='ltr'>ipse</span> <span class='ocrx_word' id='word_1_20' title='bbox 672 291 790 338; x_wconf 85' lang='lat' dir='ltr'>paulo</span> <span class='ocrx_word' id='word_1_21' title='bbox 819 298 907 323; x_wconf 88' lang='lat' dir='ltr'>ante</span> <span class='ocrx_word' id='word_1_22' title='bbox 935 291 1095 324; x_wconf 80' lang='lat' dir='ltr'>Arianae</span> <span class='ocrx_word' id='word_1_23' title='bbox 1123 301 1334 340; x_wconf 76' lang='lat' dir='ltr'>satrapeam</span> <span class='ocrx_word' id='word_1_24' title='bbox 1362 308 1418 330; x_wconf 88' lang='lat' dir='ltr'>re-</span> 
     </span>
     <span class='ocr_line' id='line_1_4' title="bbox 66 351 1422 404; baseline 0.001 -14"><span class='ocrx_word' id='word_1_25' title='bbox 66 358 251 397; x_wconf 87' lang='lat' dir='ltr'>stituerat,</span> <span class='ocrx_word' id='word_1_26' title='bbox 297 356 480 389; x_wconf 80' lang='lat' dir='ltr'>defecisse</span> <span class='ocrx_word' id='word_1_27' title='bbox 518 354 565 388; x_wconf 90' lang='lat' dir='ltr'>ab</span> <span class='ocrx_word' id='word_1_28' title='bbox 592 365 650 387; x_wconf 88' lang='lat' dir='ltr'>eo.</span> <span class='ocrx_word' id='word_1_29' title='bbox 716 353 871 397; x_wconf 88' lang='lat' dir='ltr'>Itaque,</span> <span class='ocrx_word' id='word_1_30' title='bbox 909 351 1048 385; x_wconf 88' lang='lat' dir='ltr'>omisso</span> <span class='ocrx_word' id='word_1_31' title='bbox 1086 354 1221 388; x_wconf 89' lang='lat' dir='ltr'>itinere</span> <span class='ocrx_word' id='word_1_32' title='bbox 1251 357 1422 404; x_wconf 88' lang='lat' dir='ltr'>incepto,</span> 
     </span>
     <span class='ocr_line' id='line_1_5' title="bbox 64 413 1420 462; baseline 0.001 -11"><span class='ocrx_word' id='word_1_33' title='bbox 64 418 169 451; x_wconf 89' lang='lat' dir='ltr'>hunc</span> <span class='ocrx_word' id='word_1_34' title='bbox 201 417 304 462; x_wconf 89' lang='lat' dir='ltr'>prius</span> <span class='ocrx_word' id='word_1_35' title='bbox 347 418 456 462; x_wconf 85' lang='lat' dir='ltr'>petit,</span> <span class='ocrx_word' id='word_1_36' title='bbox 519 415 781 449; x_wconf 74' lang='lat' dir='ltr'>Satibarzanes</span> <span class='ocrx_word' id='word_1_37' title='bbox 821 425 908 445; x_wconf 89' lang='lat' dir='ltr'>cum</span> <span class='ocrx_word' id='word_1_38' title='bbox 952 413 1086 458; x_wconf 79' lang='lat' dir='ltr'>exigua</span> <span class='ocrx_word' id='word_1_39' title='bbox 1117 426 1272 450; x_wconf 90' lang='lat' dir='ltr'>suorum</span> <span class='ocrx_word' id='word_1_40' title='bbox 1304 430 1420 452; x_wconf 90' lang='lat' dir='ltr'>manu</span> 
     </span>
     <span class='ocr_line' id='line_1_6' title="bbox 63 475 1418 523; baseline 0.001 -11"><span class='ocrx_word' id='word_1_41' title='bbox 63 478 201 512; x_wconf 85' lang='lat' dir='ltr'>Bactra</span> <span class='ocrx_word' id='word_1_42' title='bbox 223 478 333 523; x_wconf 80' lang='lat' dir='ltr'>fugit.</span> <span class='ocrx_word' id='word_1_43' title='bbox 381 477 592 512; x_wconf 79' lang='lat' dir='ltr'>Alexander</span> <span class='ocrx_word' id='word_1_44' title='bbox 619 478 812 511; x_wconf 80' lang='lat' dir='ltr'>Craterum</span> <span class='ocrx_word' id='word_1_45' title='bbox 827 475 1037 508; x_wconf 82' lang='lat' dir='ltr'>Artacacna</span> <span class='ocrx_word' id='word_1_46' title='bbox 1060 487 1280 521; x_wconf 76' lang='lat' dir='ltr'>oppugnare</span> <span class='ocrx_word' id='word_1_47' title='bbox 1298 478 1418 514; x_wconf 89' lang='lat' dir='ltr'>iubet.</span> 
     </span>
     <span class='ocr_line' id='line_1_7' title="bbox 65 536 1421 586; baseline 0 -13"><span class='ocrx_word' id='word_1_48' title='bbox 65 539 256 584; x_wconf 72' lang='lat' dir='ltr'>(23)1pse</span> <span class='ocrx_word' id='word_1_49' title='bbox 291 539 385 572; x_wconf 87' lang='lat' dir='ltr'>alios</span> <span class='ocrx_word' id='word_1_50' title='bbox 421 539 615 574; x_wconf 85' lang='lat' dir='ltr'>barbaros,</span> <span class='ocrx_word' id='word_1_51' title='bbox 647 536 712 581; x_wconf 89' lang='lat' dir='ltr'>qui</span> <span class='ocrx_word' id='word_1_52' title='bbox 744 536 785 569; x_wconf 89' lang='lat' dir='ltr'>in</span> <span class='ocrx_word' id='word_1_53' title='bbox 820 536 1014 569; x_wconf 90' lang='lat' dir='ltr'>montibus</span> <span class='ocrx_word' id='word_1_54' title='bbox 1040 537 1306 581; x_wconf 77' lang='lat' dir='ltr'>consederant,</span> <span class='ocrx_word' id='word_1_55' title='bbox 1332 541 1421 586; x_wconf 82' lang='lat' dir='ltr'>igne</span> 
     </span>
     <span class='ocr_line' id='line_1_8' title="bbox 65 596 1420 645; baseline 0.001 -12"><span class='ocrx_word' id='word_1_56' title='bbox 65 607 267 645; x_wconf 79' lang='lat' dir='ltr'>expugnat,</span> <span class='ocrx_word' id='word_1_57' title='bbox 300 597 383 644; x_wconf 64' lang='lat'>(21ยน1)</span> <span class='ocrx_word' id='word_1_58' title='bbox 418 606 498 632; x_wconf 91' lang='lat' dir='ltr'>tum</span> <span class='ocrx_word' id='word_1_59' title='bbox 523 599 730 631; x_wconf 79' lang='lat' dir='ltr'>Artacacna</span> <span class='ocrx_word' id='word_1_60' title='bbox 754 596 863 638; x_wconf 85' lang='lat' dir='ltr'>redit,</span> <span class='ocrx_word' id='word_1_61' title='bbox 891 597 1072 631; x_wconf 78' lang='lat' dir='ltr'>dedentes</span> <span class='ocrx_word' id='word_1_62' title='bbox 1098 606 1217 631; x_wconf 88' lang='lat' dir='ltr'>semet</span> <span class='ocrx_word' id='word_1_63' title='bbox 1238 600 1280 633; x_wconf 92' lang='lat' dir='ltr'>in</span> <span class='ocrx_word' id='word_1_64' title='bbox 1304 599 1420 635; x_wconf 79' lang='lat' dir='ltr'>fidem</span> 
     </span>
     <span class='ocr_line' id='line_1_9' title="bbox 68 658 1422 707; baseline 0.003 -14"><span class='ocrx_word' id='word_1_65' title='bbox 68 660 224 707; x_wconf 86' lang='lat' dir='ltr'>accipit.</span> <span class='ocrx_word' id='word_1_66' title='bbox 272 660 365 692; x_wconf 87' lang='lat' dir='ltr'>Inde</span> <span class='ocrx_word' id='word_1_67' title='bbox 397 660 666 706; x_wconf 83' lang='lat' dir='ltr'>supplemento</span> <span class='ocrx_word' id='word_1_68' title='bbox 696 658 860 691; x_wconf 89' lang='lat' dir='ltr'>militum</span> <span class='ocrx_word' id='word_1_69' title='bbox 894 665 1024 692; x_wconf 87' lang='lat' dir='ltr'>auctus</span> <span class='ocrx_word' id='word_1_70' title='bbox 1050 660 1222 706; x_wconf 79' lang='lat' dir='ltr'>Drangas</span> <span class='ocrx_word' id='word_1_71' title='bbox 1247 664 1422 707; x_wconf 86' lang='lat' dir='ltr'>pervenit</span> 
     </span>
     <span class='ocr_line' id='line_1_10' title="bbox 68 719 916 767; baseline -0.001 -13"><span class='ocrx_word' id='word_1_72' title='bbox 68 732 230 765; x_wconf 88' lang='lat' dir='ltr'>quorum</span> <span class='ocrx_word' id='word_1_73' title='bbox 256 728 419 767; x_wconf 86' lang='lat' dir='ltr'>satrapes</span> <span class='ocrx_word' id='word_1_74' title='bbox 449 722 674 755; x_wconf 85' lang='lat' dir='ltr'>Barzaentes</span> <span class='ocrx_word' id='word_1_75' title='bbox 707 719 916 765; x_wconf 78' lang='lat' dir='ltr'>aufugerat.</span> 
     </span>
    </p>

    <p class='ocr_par' dir='ltr' id='par_1_3' title="bbox 65 781 1451 2682">
     <span class='ocr_line' id='line_1_11' title="bbox 112 781 1424 830; baseline 0.003 -15"><span class='ocrx_word' id='word_1_76' title='bbox 112 783 192 826; x_wconf 81' lang='lat'>(25)</span> <span class='ocrx_word' id='word_1_77' title='bbox 217 782 274 815; x_wconf 92' lang='lat' dir='ltr'>Ibi</span> <span class='ocrx_word' id='word_1_78' title='bbox 302 782 555 815; x_wconf 82' lang='lat' dir='ltr'>commoranti</span> <span class='ocrx_word' id='word_1_79' title='bbox 587 781 819 815; x_wconf 78' lang='lat' dir='ltr'>domesticae</span> <span class='ocrx_word' id='word_1_80' title='bbox 853 781 1017 815; x_wconf 83' lang='lat' dir='ltr'>insidiae</span> <span class='ocrx_word' id='word_1_81' title='bbox 1040 789 1236 826; x_wconf 84' lang='lat' dir='ltr'>parantur,</span> <span class='ocrx_word' id='word_1_82' title='bbox 1264 796 1424 830; x_wconf 86' lang='lat' dir='ltr'>quarum</span> 
     </span>
     <span class='ocr_line' id='line_1_12' title="bbox 65 842 1425 888; baseline 0.004 -13"><span class='ocrx_word' id='word_1_83' title='bbox 65 842 252 888; x_wconf 80' lang='lat' dir='ltr'>particeps</span> <span class='ocrx_word' id='word_1_84' title='bbox 276 843 440 876; x_wconf 89' lang='lat' dir='ltr'>Dimnus</span> <span class='ocrx_word' id='word_1_85' title='bbox 465 854 545 876; x_wconf 87' lang='lat' dir='ltr'>rem</span> <span class='ocrx_word' id='word_1_86' title='bbox 573 855 661 876; x_wconf 91' lang='lat' dir='ltr'>cum</span> <span class='ocrx_word' id='word_1_87' title='bbox 684 842 938 885; x_wconf 85' lang='lat' dir='ltr'>Nicomacho,</span> <span class='ocrx_word' id='word_1_88' title='bbox 969 843 1114 877; x_wconf 92' lang='lat' dir='ltr'>deliciis</span> <span class='ocrx_word' id='word_1_89' title='bbox 1141 845 1230 883; x_wconf 87' lang='lat' dir='ltr'>suis,</span> <span class='ocrx_word' id='word_1_90' title='bbox 1254 859 1425 882; x_wconf 89' lang='lat' dir='ltr'>commu-</span> 
     </span>
     <span class='ocr_line' id='line_1_13' title="bbox 68 903 1426 949; baseline 0.005 -13"><span class='ocrx_word' id='word_1_91' title='bbox 68 903 185 938; x_wconf 85' lang='lat' dir='ltr'>nicat.</span> <span class='ocrx_word' id='word_1_92' title='bbox 234 904 317 949; x_wconf 83' lang='lat'>(26)</span> <span class='ocrx_word' id='word_1_93' title='bbox 354 904 612 938; x_wconf 88' lang='lat' dir='ltr'>Nicomachus</span> <span class='ocrx_word' id='word_1_94' title='bbox 645 904 751 938; x_wconf 85' lang='lat' dir='ltr'>fratri</span> <span class='ocrx_word' id='word_1_95' title='bbox 777 904 965 940; x_wconf 88' lang='lat' dir='ltr'>Cebalino</span> <span class='ocrx_word' id='word_1_96' title='bbox 995 905 1128 939; x_wconf 88' lang='lat' dir='ltr'>defert.</span> <span class='ocrx_word' id='word_1_97' title='bbox 1175 907 1207 940; x_wconf 91' lang='lat' dir='ltr'>Is</span> <span class='ocrx_word' id='word_1_98' title='bbox 1232 907 1426 943; x_wconf 79' lang='lat' dir='ltr'>Philotam</span> 
     </span>
     <span class='ocr_line' id='line_1_14' title="bbox 68 966 1427 1013; baseline 0.004 -14"><span class='ocrx_word' id='word_1_99' title='bbox 68 966 157 1004; x_wconf 86' lang='lat' dir='ltr'>adit,</span> <span class='ocrx_word' id='word_1_100' title='bbox 185 973 381 1012; x_wconf 80' lang='lat' dir='ltr'>rogatque,</span> <span class='ocrx_word' id='word_1_101' title='bbox 405 973 447 999; x_wconf 85' lang='lat' dir='ltr'>ut</span> <span class='ocrx_word' id='word_1_102' title='bbox 473 966 549 1011; x_wconf 82' lang='lat' dir='ltr'>regi</span> <span class='ocrx_word' id='word_1_103' title='bbox 577 966 740 999; x_wconf 81' lang='lat' dir='ltr'>nuntiet.</span> <span class='ocrx_word' id='word_1_104' title='bbox 787 966 956 1000; x_wconf 89' lang='lat' dir='ltr'>Philotas</span> <span class='ocrx_word' id='word_1_105' title='bbox 986 977 1066 1000; x_wconf 89' lang='lat' dir='ltr'>rem</span> <span class='ocrx_word' id='word_1_106' title='bbox 1089 969 1355 1013; x_wconf 85' lang='lat' dir='ltr'>procrastinat,</span> <span class='ocrx_word' id='word_1_107' title='bbox 1381 982 1427 1005; x_wconf 85' lang='lat' dir='ltr'>ac</span> 
     </span>
     <span class='ocr_line' id='line_1_15' title="bbox 67 1025 1430 1076; baseline 0.004 -16"><span class='ocrx_word' id='word_1_108' title='bbox 67 1027 326 1072; x_wconf 56' lang='lat' dir='ltr'>suspsscionem</span> <span class='ocrx_word' id='word_1_109' title='bbox 358 1029 480 1060; x_wconf 83' lang='lat' dir='ltr'>malae</span> <span class='ocrx_word' id='word_1_110' title='bbox 514 1025 603 1059; x_wconf 76' lang='lat' dir='ltr'>fidei</span> <span class='ocrx_word' id='word_1_111' title='bbox 637 1027 807 1072; x_wconf 81' lang='lat' dir='ltr'>praebet.</span> <span class='ocrx_word' id='word_1_112' title='bbox 864 1029 996 1073; x_wconf 85' lang='lat' dir='ltr'>ltaque</span> <span class='ocrx_word' id='word_1_113' title='bbox 1021 1028 1226 1062; x_wconf 90' lang='lat' dir='ltr'>Cebalinus</span> <span class='ocrx_word' id='word_1_114' title='bbox 1253 1042 1322 1076; x_wconf 89' lang='lat' dir='ltr'>per</span> <span class='ocrx_word' id='word_1_115' title='bbox 1348 1032 1430 1065; x_wconf 89' lang='lat' dir='ltr'>Me-</span> 
     </span>
     <span class='ocr_line' id='line_1_16' title="bbox 68 1086 1429 1135; baseline 0.006 -15"><span class='ocrx_word' id='word_1_116' title='bbox 68 1095 218 1121; x_wconf 88' lang='lat' dir='ltr'>tronem</span> <span class='ocrx_word' id='word_1_117' title='bbox 244 1088 435 1134; x_wconf 86' lang='lat' dir='ltr'>quendam</span> <span class='ocrx_word' id='word_1_118' title='bbox 474 1099 554 1121; x_wconf 91' lang='lat' dir='ltr'>rem</span> <span class='ocrx_word' id='word_1_119' title='bbox 591 1086 638 1121; x_wconf 91' lang='lat' dir='ltr'>ad</span> <span class='ocrx_word' id='word_1_120' title='bbox 673 1088 930 1122; x_wconf 81' lang='lat' dir='ltr'>Alexandrum</span> <span class='ocrx_word' id='word_1_121' title='bbox 955 1088 1089 1123; x_wconf 66' lang='lat' dir='ltr'>desert.</span> <span class='ocrx_word' id='word_1_122' title='bbox 1154 1092 1236 1135; x_wconf 81' lang='lat'>(27)</span> <span class='ocrx_word' id='word_1_123' title='bbox 1264 1093 1429 1128; x_wconf 89' lang='lat' dir='ltr'>Dimnus</span> 
     </span>
     <span class='ocr_line' id='line_1_17' title="bbox 70 1148 1429 1201; baseline 0.004 -19"><span class='ocrx_word' id='word_1_124' title='bbox 70 1149 365 1194; x_wconf 85' lang='lat' dir='ltr'>comprehensus</span> <span class='ocrx_word' id='word_1_125' title='bbox 401 1156 520 1182; x_wconf 88' lang='lat' dir='ltr'>semet</span> <span class='ocrx_word' id='word_1_126' title='bbox 554 1148 634 1195; x_wconf 89' lang='lat' dir='ltr'>ipse</span> <span class='ocrx_word' id='word_1_127' title='bbox 663 1148 856 1191; x_wconf 80' lang='lat' dir='ltr'>interficit,</span> <span class='ocrx_word' id='word_1_128' title='bbox 891 1149 1099 1183; x_wconf 82' lang='lat' dir='ltr'>Cebalinus</span> <span class='ocrx_word' id='word_1_129' title='bbox 1124 1151 1316 1187; x_wconf 81' lang='lat' dir='ltr'>Philotam</span> <span class='ocrx_word' id='word_1_130' title='bbox 1342 1167 1429 1201; x_wconf 86' lang='lat' dir='ltr'>pro-</span> 
     </span>
     <span class='ocr_line' id='line_1_18' title="bbox 69 1210 1430 1260; baseline 0.004 -16"><span class='ocrx_word' id='word_1_131' title='bbox 69 1210 350 1244; x_wconf 83' lang='lat' dir='ltr'>crastinationis</span> <span class='ocrx_word' id='word_1_132' title='bbox 385 1217 548 1243; x_wconf 87' lang='lat' dir='ltr'>accusat.</span> <span class='ocrx_word' id='word_1_133' title='bbox 615 1210 696 1255; x_wconf 87' lang='lat'>(28)</span> <span class='ocrx_word' id='word_1_134' title='bbox 727 1210 800 1243; x_wconf 84' lang='lat' dir='ltr'>Hic</span> <span class='ocrx_word' id='word_1_135' title='bbox 834 1218 971 1257; x_wconf 82' lang='lat' dir='ltr'>purgat</span> <span class='ocrx_word' id='word_1_136' title='bbox 1004 1222 1043 1244; x_wconf 88' lang='lat' dir='ltr'>se</span> <span class='ocrx_word' id='word_1_137' title='bbox 1074 1212 1164 1257; x_wconf 82' lang='lat' dir='ltr'>regi,</span> <span class='ocrx_word' id='word_1_138' title='bbox 1200 1215 1305 1260; x_wconf 89' lang='lat' dir='ltr'>quod</span> <span class='ocrx_word' id='word_1_139' title='bbox 1332 1216 1430 1250; x_wconf 90' lang='lat' dir='ltr'>indi-</span> 
     </span>
     <span class='ocr_line' id='line_1_19' title="bbox 69 1272 1428 1318; baseline 0.004 -12"><span class='ocrx_word' id='word_1_140' title='bbox 69 1272 173 1318; x_wconf 79' lang='lat' dir='ltr'>cium</span> <span class='ocrx_word' id='word_1_141' title='bbox 195 1272 480 1318; x_wconf 81' lang='lat' dir='ltr'>contempserit,</span> <span class='ocrx_word' id='word_1_142' title='bbox 508 1279 545 1305; x_wconf 87' lang='lat' dir='ltr'>et</span> <span class='ocrx_word' id='word_1_143' title='bbox 572 1272 736 1316; x_wconf 84' lang='lat' dir='ltr'>primurn</span> <span class='ocrx_word' id='word_1_144' title='bbox 761 1279 957 1318; x_wconf 76' lang='lat' dir='ltr'>tamquam</span> <span class='ocrx_word' id='word_1_145' title='bbox 986 1274 1183 1308; x_wconf 90' lang='lat' dir='ltr'>absolutus</span> <span class='ocrx_word' id='word_1_146' title='bbox 1213 1276 1428 1313; x_wconf 83' lang='lat' dir='ltr'>dimittitur.</span> 
     </span>
     <span class='ocr_line' id='line_1_20' title="bbox 71 1333 1431 1382; baseline 0.004 -15"><span class='ocrx_word' id='word_1_147' title='bbox 71 1334 153 1378; x_wconf 85' lang='lat'>(29)</span> <span class='ocrx_word' id='word_1_148' title='bbox 183 1333 261 1367; x_wconf 87' lang='lat' dir='ltr'>Sed</span> <span class='ocrx_word' id='word_1_149' title='bbox 290 1339 435 1379; x_wconf 84' lang='lat' dir='ltr'>postea,</span> <span class='ocrx_word' id='word_1_150' title='bbox 471 1333 636 1366; x_wconf 90' lang='lat' dir='ltr'>consilio</span> <span class='ocrx_word' id='word_1_151' title='bbox 672 1333 884 1367; x_wconf 89' lang='lat' dir='ltr'>amicorum</span> <span class='ocrx_word' id='word_1_152' title='bbox 911 1334 1111 1378; x_wconf 87' lang='lat' dir='ltr'>advocato,</span> <span class='ocrx_word' id='word_1_153' title='bbox 1139 1337 1330 1382; x_wconf 76' lang='lat' dir='ltr'>Craterus,</span> <span class='ocrx_word' id='word_1_154' title='bbox 1359 1340 1431 1374; x_wconf 89' lang='lat' dir='ltr'>ini-</span> 
     </span>
     <span class='ocr_line' id='line_1_21' title="bbox 71 1394 1433 1446; baseline 0.005 -18"><span class='ocrx_word' id='word_1_155' title='bbox 71 1396 191 1429; x_wconf 88' lang='lat' dir='ltr'>micus</span> <span class='ocrx_word' id='word_1_156' title='bbox 221 1394 415 1436; x_wconf 82' lang='lat' dir='ltr'>Philotae,</span> <span class='ocrx_word' id='word_1_157' title='bbox 444 1394 539 1439; x_wconf 76' lang='lat' dir='ltr'>regis</span> <span class='ocrx_word' id='word_1_158' title='bbox 572 1395 808 1440; x_wconf 87' lang='lat' dir='ltr'>suspiciones</span> <span class='ocrx_word' id='word_1_159' title='bbox 852 1395 1026 1430; x_wconf 88' lang='lat' dir='ltr'>adversus</span> <span class='ocrx_word' id='word_1_160' title='bbox 1061 1397 1171 1430; x_wconf 89' lang='lat' dir='ltr'>illum</span> <span class='ocrx_word' id='word_1_161' title='bbox 1207 1407 1433 1446; x_wconf 87' lang='lat' dir='ltr'>patremque</span> 
     </span>
     <span class='ocr_line' id='line_1_22' title="bbox 72 1455 1434 1503; baseline 0.005 -13"><span class='ocrx_word' id='word_1_162' title='bbox 72 1457 153 1490; x_wconf 76' lang='lat' dir='ltr'>cius</span> <span class='ocrx_word' id='word_1_163' title='bbox 178 1455 469 1490; x_wconf 85' lang='lat' dir='ltr'>Parmenionem</span> <span class='ocrx_word' id='word_1_164' title='bbox 500 1455 614 1498; x_wconf 87' lang='lat' dir='ltr'>acuit,</span> <span class='ocrx_word' id='word_1_165' title='bbox 648 1456 731 1501; x_wconf 85' lang='lat'>(30)</span> <span class='ocrx_word' id='word_1_166' title='bbox 766 1459 959 1503; x_wconf 82' lang='lat' dir='ltr'>ceterique</span> <span class='ocrx_word' id='word_1_167' title='bbox 984 1458 1231 1493; x_wconf 89' lang='lat' dir='ltr'>criminosum</span> <span class='ocrx_word' id='word_1_168' title='bbox 1257 1461 1434 1498; x_wconf 84' lang='lat' dir='ltr'>Philotae</span> 
     </span>
     <span class='ocr_line' id='line_1_23' title="bbox 72 1517 1435 1563; baseline 0.007 -12"><span class='ocrx_word' id='word_1_169' title='bbox 72 1518 267 1552; x_wconf 88' lang='lat' dir='ltr'>silentium</span> <span class='ocrx_word' id='word_1_170' title='bbox 294 1524 492 1563; x_wconf 78' lang='lat' dir='ltr'>arguentes</span> <span class='ocrx_word' id='word_1_171' title='bbox 538 1517 804 1562; x_wconf 87' lang='lat' dir='ltr'>quaestionem</span> <span class='ocrx_word' id='word_1_172' title='bbox 838 1518 886 1551; x_wconf 88' lang='lat' dir='ltr'>de</span> <span class='ocrx_word' id='word_1_173' title='bbox 922 1530 967 1552; x_wconf 90' lang='lat' dir='ltr'>eo</span> <span class='ocrx_word' id='word_1_174' title='bbox 996 1519 1214 1554; x_wconf 89' lang='lat' dir='ltr'>habendam</span> <span class='ocrx_word' id='word_1_175' title='bbox 1241 1534 1320 1557; x_wconf 90' lang='lat' dir='ltr'>esse</span> <span class='ocrx_word' id='word_1_176' title='bbox 1346 1536 1435 1559; x_wconf 89' lang='lat' dir='ltr'>cen-</span> 
     </span>
     <span class='ocr_line' id='line_1_24' title="bbox 73 1579 1436 1628; baseline 0.006 -15"><span class='ocrx_word' id='word_1_177' title='bbox 73 1587 169 1613; x_wconf 84' lang='lat' dir='ltr'>sent.</span> <span class='ocrx_word' id='word_1_178' title='bbox 219 1580 302 1624; x_wconf 77' lang='lat'>(31)</span> <span class='ocrx_word' id='word_1_179' title='bbox 329 1579 460 1624; x_wconf 85' lang='lat' dir='ltr'>ltaque</span> <span class='ocrx_word' id='word_1_180' title='bbox 490 1588 556 1611; x_wconf 78' lang='lat' dir='ltr'>rex</span> <span class='ocrx_word' id='word_1_181' title='bbox 593 1579 756 1612; x_wconf 88' lang='lat' dir='ltr'>comiter</span> <span class='ocrx_word' id='word_1_182' title='bbox 781 1579 979 1613; x_wconf 85' lang='lat' dir='ltr'>dimissum</span> <span class='ocrx_word' id='word_1_183' title='bbox 1006 1589 1120 1615; x_wconf 87' lang='lat' dir='ltr'>nocte</span> <span class='ocrx_word' id='word_1_184' title='bbox 1144 1585 1320 1628; x_wconf 82' lang='lat' dir='ltr'>proxima</span> <span class='ocrx_word' id='word_1_185' title='bbox 1347 1599 1436 1621; x_wconf 90' lang='lat' dir='ltr'>cum</span> 
     </span>
     <span class='ocr_line' id='line_1_25' title="bbox 75 1639 1438 1688; baseline 0.006 -16"><span class='ocrx_word' id='word_1_186' title='bbox 75 1640 226 1683; x_wconf 89' lang='lat' dir='ltr'>ceteris,</span> <span class='ocrx_word' id='word_1_187' title='bbox 253 1641 318 1685; x_wconf 91' lang='lat' dir='ltr'>qui</span> <span class='ocrx_word' id='word_1_188' title='bbox 350 1641 568 1673; x_wconf 84' lang='lat' dir='ltr'>coniurasse</span> <span class='ocrx_word' id='word_1_189' title='bbox 605 1639 843 1683; x_wconf 88' lang='lat' dir='ltr'>dicebantur,</span> <span class='ocrx_word' id='word_1_190' title='bbox 868 1641 1038 1674; x_wconf 87' lang='lat' dir='ltr'>vinetum</span> <span class='ocrx_word' id='word_1_191' title='bbox 1065 1642 1107 1675; x_wconf 90' lang='lat' dir='ltr'>in</span> <span class='ocrx_word' id='word_1_192' title='bbox 1129 1644 1270 1688; x_wconf 83' lang='lat' dir='ltr'>regiam</span> <span class='ocrx_word' id='word_1_193' title='bbox 1298 1647 1438 1682; x_wconf 81' lang='lat' dir='ltr'>attrahi</span> 
     </span>
     <span class='ocr_line' id='line_1_26' title="bbox 73 1700 1439 1746; baseline 0.007 -11"><span class='ocrx_word' id='word_1_194' title='bbox 73 1701 192 1735; x_wconf 87' lang='lat' dir='ltr'>iussit.</span> <span class='ocrx_word' id='word_1_195' title='bbox 241 1700 319 1746; x_wconf 73' lang='lat'>(32)</span> <span class='ocrx_word' id='word_1_196' title='bbox 351 1701 454 1734; x_wconf 81' lang='lat' dir='ltr'>Luce</span> <span class='ocrx_word' id='word_1_197' title='bbox 493 1707 575 1734; x_wconf 87' lang='lat' dir='ltr'>orta</span> <span class='ocrx_word' id='word_1_198' title='bbox 605 1700 647 1733; x_wconf 90' lang='lat' dir='ltr'>in</span> <span class='ocrx_word' id='word_1_199' title='bbox 684 1702 866 1734; x_wconf 86' lang='lat' dir='ltr'>contione</span> <span class='ocrx_word' id='word_1_200' title='bbox 903 1703 1068 1736; x_wconf 88' lang='lat' dir='ltr'>militum</span> <span class='ocrx_word' id='word_1_201' title='bbox 1096 1703 1143 1737; x_wconf 89' lang='lat' dir='ltr'>de</span> <span class='ocrx_word' id='word_1_202' title='bbox 1170 1707 1439 1745; x_wconf 83' lang='lat' dir='ltr'>coniuratione</span> 
     </span>
     <span class='ocr_line' id='line_1_27' title="bbox 77 1761 1439 1816; baseline 0.007 -20"><span class='ocrx_word' id='word_1_203' title='bbox 77 1763 256 1808; x_wconf 85' lang='lat' dir='ltr'>queritur,</span> <span class='ocrx_word' id='word_1_204' title='bbox 285 1770 321 1796; x_wconf 91' lang='lat' dir='ltr'>et</span> <span class='ocrx_word' id='word_1_205' title='bbox 349 1769 545 1796; x_wconf 86' lang='lat' dir='ltr'>auctorem</span> <span class='ocrx_word' id='word_1_206' title='bbox 572 1761 651 1795; x_wconf 90' lang='lat' dir='ltr'>eius</span> <span class='ocrx_word' id='word_1_207' title='bbox 679 1762 987 1807; x_wconf 82' lang='lat' dir='ltr'>Parmenionem,</span> <span class='ocrx_word' id='word_1_208' title='bbox 1014 1765 1206 1800; x_wconf 89' lang='lat' dir='ltr'>ministros</span> <span class='ocrx_word' id='word_1_209' title='bbox 1233 1768 1439 1816; x_wconf 84' lang='lat' dir='ltr'>Philotam,</span> 
     </span>
     <span class='ocr_line' id='line_1_28' title="bbox 75 1823 1440 1877; baseline 0.004 -19"><span class='ocrx_word' id='word_1_210' title='bbox 75 1825 178 1858; x_wconf 89' lang='lat' dir='ltr'>illius</span> <span class='ocrx_word' id='word_1_211' title='bbox 206 1823 344 1866; x_wconf 84' lang='lat' dir='ltr'>filium,</span> <span class='ocrx_word' id='word_1_212' title='bbox 368 1834 456 1858; x_wconf 76' lang='lat' dir='ltr'>cum</span> <span class='ocrx_word' id='word_1_213' title='bbox 484 1824 677 1857; x_wconf 90' lang='lat' dir='ltr'>Peucolao</span> <span class='ocrx_word' id='word_1_214' title='bbox 711 1831 747 1857; x_wconf 89' lang='lat' dir='ltr'>et</span> <span class='ocrx_word' id='word_1_215' title='bbox 771 1825 969 1858; x_wconf 91' lang='lat' dir='ltr'>Demetrio</span> <span class='ocrx_word' id='word_1_216' title='bbox 994 1828 1174 1872; x_wconf 89' lang='lat' dir='ltr'>appellat.</span> <span class='ocrx_word' id='word_1_217' title='bbox 1230 1831 1311 1877; x_wconf 84' lang='grc'>(33)</span> <span class='ocrx_word' id='word_1_218' title='bbox 1337 1834 1440 1868; x_wconf 83' lang='lat' dir='ltr'>Indi-</span> 
     </span>
     <span class='ocr_line' id='line_1_29' title="bbox 77 1884 1443 1936; baseline 0.004 -17"><span class='ocrx_word' id='word_1_219' title='bbox 77 1885 184 1919; x_wconf 89' lang='lat' dir='ltr'>cibus</span> <span class='ocrx_word' id='word_1_220' title='bbox 216 1885 353 1919; x_wconf 87' lang='lat' dir='ltr'>auditis</span> <span class='ocrx_word' id='word_1_221' title='bbox 384 1885 560 1919; x_wconf 87' lang='lat' dir='ltr'>Philotae</span> <span class='ocrx_word' id='word_1_222' title='bbox 595 1884 792 1919; x_wconf 90' lang='lat' dir='ltr'>silentium</span> <span class='ocrx_word' id='word_1_223' title='bbox 828 1887 962 1931; x_wconf 79' lang='lat' dir='ltr'>arguit,</span> <span class='ocrx_word' id='word_1_224' title='bbox 1008 1886 1086 1934; x_wconf 75' lang='grc'>(3-4)</span> <span class='ocrx_word' id='word_1_225' title='bbox 1126 1890 1276 1936; x_wconf 89' lang='lat' dir='ltr'>reliqua</span> <span class='ocrx_word' id='word_1_226' title='bbox 1321 1895 1443 1929; x_wconf 83' lang='lat' dir='ltr'>animi</span> 
     </span>
     <span class='ocr_line' id='line_1_30' title="bbox 78 1947 1441 1997; baseline 0.008 -17"><span class='ocrx_word' id='word_1_227' title='bbox 78 1947 224 1980; x_wconf 89' lang='lat' dir='ltr'>dudum</span> <span class='ocrx_word' id='word_1_228' title='bbox 250 1947 365 1981; x_wconf 87' lang='lat' dir='ltr'>alieni</span> <span class='ocrx_word' id='word_1_229' title='bbox 403 1954 626 1993; x_wconf 85' lang='lat' dir='ltr'>argumenta</span> <span class='ocrx_word' id='word_1_230' title='bbox 657 1947 814 1992; x_wconf 81' lang='lat' dir='ltr'>colligit,</span> <span class='ocrx_word' id='word_1_231' title='bbox 850 1956 979 1993; x_wconf 86' lang='lat' dir='ltr'>aperte</span> <span class='ocrx_word' id='word_1_232' title='bbox 1015 1951 1183 1997; x_wconf 86' lang='lat' dir='ltr'>denique</span> <span class='ocrx_word' id='word_1_233' title='bbox 1205 1954 1441 1991; x_wconf 84' lang='lat' dir='ltr'>Macedones</span> 
     </span>
     <span class='ocr_line' id='line_1_31' title="bbox 80 2009 1443 2061; baseline 0.004 -20"><span class='ocrx_word' id='word_1_234' title='bbox 80 2016 176 2051; x_wconf 87' lang='lat' dir='ltr'>orat,</span> <span class='ocrx_word' id='word_1_235' title='bbox 201 2016 243 2042; x_wconf 89' lang='lat' dir='ltr'>ut</span> <span class='ocrx_word' id='word_1_236' title='bbox 266 2021 371 2042; x_wconf 87' lang='lat' dir='ltr'>suam</span> <span class='ocrx_word' id='word_1_237' title='bbox 396 2009 557 2042; x_wconf 89' lang='lat' dir='ltr'>salutem</span> <span class='ocrx_word' id='word_1_238' title='bbox 581 2009 790 2054; x_wconf 86' lang='lat' dir='ltr'>puniendis</span> <span class='ocrx_word' id='word_1_239' title='bbox 807 2009 976 2043; x_wconf 89' lang='lat' dir='ltr'>inimicis</span> <span class='ocrx_word' id='word_1_240' title='bbox 1003 2018 1190 2047; x_wconf 83' lang='lat' dir='ltr'>tueantur.</span> <span class='ocrx_word' id='word_1_241' title='bbox 1240 2016 1322 2061; x_wconf 85' lang='lat'>(35)</span> <span class='ocrx_word' id='word_1_242' title='bbox 1341 2018 1443 2052; x_wconf 80' lang='lat' dir='ltr'>Tum</span> 
     </span>
     <span class='ocr_line' id='line_1_32' title="bbox 77 2069 1444 2116; baseline 0.008 -13"><span class='ocrx_word' id='word_1_243' title='bbox 77 2069 248 2103; x_wconf 88' lang='lat' dir='ltr'>Philotas</span> <span class='ocrx_word' id='word_1_244' title='bbox 275 2070 483 2115; x_wconf 87' lang='lat' dir='ltr'>productus</span> <span class='ocrx_word' id='word_1_245' title='bbox 517 2070 724 2103; x_wconf 87' lang='lat' dir='ltr'>miserabili</span> <span class='ocrx_word' id='word_1_246' title='bbox 757 2078 912 2116; x_wconf 88' lang='lat' dir='ltr'>aspectu</span> <span class='ocrx_word' id='word_1_247' title='bbox 939 2073 1086 2107; x_wconf 86' lang='lat' dir='ltr'>animos</span> <span class='ocrx_word' id='word_1_248' title='bbox 1113 2076 1278 2110; x_wconf 88' lang='lat' dir='ltr'>militum</span> <span class='ocrx_word' id='word_1_249' title='bbox 1304 2087 1444 2114; x_wconf 83' lang='lat' dir='ltr'>movet.</span> 
     </span>
     <span class='ocr_line' id='line_1_33' title="bbox 80 2131 1446 2186; baseline 0.008 -22"><span class='ocrx_word' id='word_1_250' title='bbox 80 2131 223 2167; x_wconf 87' lang='lat' dir='ltr'>Verum</span> <span class='ocrx_word' id='word_1_251' title='bbox 250 2139 384 2164; x_wconf 89' lang='lat' dir='ltr'>contra</span> <span class='ocrx_word' id='word_1_252' title='bbox 422 2143 509 2165; x_wconf 90' lang='lat' dir='ltr'>eum</span> <span class='ocrx_word' id='word_1_253' title='bbox 540 2132 762 2165; x_wconf 90' lang='lat' dir='ltr'>cooriuntur</span> <span class='ocrx_word' id='word_1_254' title='bbox 795 2140 832 2165; x_wconf 86' lang='lat' dir='ltr'>et</span> <span class='ocrx_word' id='word_1_255' title='bbox 864 2134 1057 2178; x_wconf 80' lang='lat' dir='ltr'>Amyntas,</span> <span class='ocrx_word' id='word_1_256' title='bbox 1096 2136 1180 2182; x_wconf 78' lang='lat'>(36)</span> <span class='ocrx_word' id='word_1_257' title='bbox 1216 2146 1252 2171; x_wconf 87' lang='lat' dir='ltr'>et</span> <span class='ocrx_word' id='word_1_258' title='bbox 1278 2139 1446 2186; x_wconf 84' lang='lat' dir='ltr'>Coenus,</span> 
     </span>
     <span class='ocr_line' id='line_1_34' title="bbox 81 2193 1447 2248; baseline 0.007 -22"><span class='ocrx_word' id='word_1_259' title='bbox 81 2199 119 2226; x_wconf 86' lang='lat' dir='ltr'>et</span> <span class='ocrx_word' id='word_1_260' title='bbox 140 2193 222 2239; x_wconf 87' lang='lat' dir='ltr'>ipse</span> <span class='ocrx_word' id='word_1_261' title='bbox 247 2204 322 2235; x_wconf 86' lang='lat' dir='ltr'>rex,</span> <span class='ocrx_word' id='word_1_262' title='bbox 342 2193 528 2227; x_wconf 88' lang='lat' dir='ltr'>invidiam</span> <span class='ocrx_word' id='word_1_263' title='bbox 551 2194 610 2227; x_wconf 84' lang='lat' dir='ltr'>illi</span> <span class='ocrx_word' id='word_1_264' title='bbox 630 2205 676 2227; x_wconf 87' lang='lat' dir='ltr'>ex</span> <span class='ocrx_word' id='word_1_265' title='bbox 697 2205 768 2227; x_wconf 90' lang='lat' dir='ltr'>usu</span> <span class='ocrx_word' id='word_1_266' title='bbox 786 2193 923 2228; x_wconf 88' lang='lat' dir='ltr'>Graeci</span> <span class='ocrx_word' id='word_1_267' title='bbox 939 2198 1124 2231; x_wconf 88' lang='lat' dir='ltr'>sermonis</span> <span class='ocrx_word' id='word_1_268' title='bbox 1151 2200 1331 2235; x_wconf 83' lang='lat' dir='ltr'>excitans.</span> <span class='ocrx_word' id='word_1_269' title='bbox 1363 2204 1447 2248; x_wconf 81' lang='grc'>(37)</span> 
     </span>
     <span class='ocr_line' id='line_1_35' title="bbox 81 2254 1447 2299; baseline 0.009 -12"><span class='ocrx_word' id='word_1_270' title='bbox 81 2254 183 2288; x_wconf 86' lang='lat' dir='ltr'>Tum</span> <span class='ocrx_word' id='word_1_271' title='bbox 222 2254 390 2289; x_wconf 88' lang='lat' dir='ltr'>Philotas</span> <span class='ocrx_word' id='word_1_272' title='bbox 429 2255 696 2289; x_wconf 86' lang='lat' dir='ltr'>defensionem</span> <span class='ocrx_word' id='word_1_273' title='bbox 730 2256 795 2289; x_wconf 81' lang='lat' dir='ltr'>vix</span> <span class='ocrx_word' id='word_1_274' title='bbox 830 2257 996 2290; x_wconf 88' lang='lat' dir='ltr'>orditur:</span> <span class='ocrx_word' id='word_1_275' title='bbox 1029 2269 1068 2292; x_wconf 91' lang='lat' dir='ltr'>se</span> <span class='ocrx_word' id='word_1_276' title='bbox 1103 2259 1203 2294; x_wconf 86' lang='lat' dir='ltr'>inter</span> <span class='ocrx_word' id='word_1_277' title='bbox 1228 2264 1447 2299; x_wconf 85' lang='lat' dir='ltr'>coniuratos</span> 
     </span>
     <span class='ocr_line' id='line_1_36' title="bbox 81 2317 1447 2362; baseline 0.009 -14"><span class='ocrx_word' id='word_1_278' title='bbox 81 2327 163 2348; x_wconf 91' lang='lat' dir='ltr'>non</span> <span class='ocrx_word' id='word_1_279' title='bbox 195 2326 274 2349; x_wconf 85' lang='lat' dir='ltr'>esse</span> <span class='ocrx_word' id='word_1_280' title='bbox 310 2317 566 2360; x_wconf 89' lang='lat' dir='ltr'>nominatum,</span> <span class='ocrx_word' id='word_1_281' title='bbox 601 2319 684 2362; x_wconf 79' lang='lat'>(38)</span> <span class='ocrx_word' id='word_1_282' title='bbox 718 2317 878 2351; x_wconf 87' lang='lat' dir='ltr'>unicum</span> <span class='ocrx_word' id='word_1_283' title='bbox 914 2325 951 2351; x_wconf 92' lang='lat' dir='ltr'>et</span> <span class='ocrx_word' id='word_1_284' title='bbox 981 2330 1112 2354; x_wconf 89' lang='lat' dir='ltr'>verum</span> <span class='ocrx_word' id='word_1_285' title='bbox 1152 2323 1298 2358; x_wconf 87' lang='lat' dir='ltr'>crimen</span> <span class='ocrx_word' id='word_1_286' title='bbox 1333 2326 1447 2360; x_wconf 84' lang='lat' dir='ltr'>silen-</span> 
     </span>
     <span class='ocr_line' id='line_1_37' title="bbox 84 2377 1450 2424; baseline 0.01 -14"><span class='ocrx_word' id='word_1_287' title='bbox 84 2377 180 2410; x_wconf 85' lang='lat' dir='ltr'>tium</span> <span class='ocrx_word' id='word_1_288' title='bbox 193 2388 284 2412; x_wconf 86' lang='lat' dir='ltr'>esse.</span> <span class='ocrx_word' id='word_1_289' title='bbox 310 2378 353 2412; x_wconf 91' lang='lat' dir='ltr'>Id</span> <span class='ocrx_word' id='word_1_290' title='bbox 373 2379 542 2424; x_wconf 87' lang='lat' dir='ltr'>quamvis</span> <span class='ocrx_word' id='word_1_291' title='bbox 565 2390 632 2413; x_wconf 88' lang='lat' dir='ltr'>rex</span> <span class='ocrx_word' id='word_1_292' title='bbox 656 2379 779 2412; x_wconf 89' lang='lat' dir='ltr'>oranti</span> <span class='ocrx_word' id='word_1_293' title='bbox 804 2379 881 2413; x_wconf 85' lang='lat' dir='ltr'>iam</span> <span class='ocrx_word' id='word_1_294' title='bbox 907 2382 1102 2421; x_wconf 83' lang='lat' dir='ltr'>remiserit.</span> <span class='ocrx_word' id='word_1_295' title='bbox 1130 2387 1299 2420; x_wconf 87' lang='lat' dir='ltr'>excusari</span> <span class='ocrx_word' id='word_1_296' title='bbox 1320 2395 1450 2424; x_wconf 89' lang='lat' dir='ltr'>tamen</span> 
     </span>
     <span class='ocr_line' id='line_1_38' title="bbox 83 2439 1446 2497; baseline 0.01 -26"><span class='ocrx_word' id='word_1_297' title='bbox 83 2439 239 2473; x_wconf 88' lang='lat' dir='ltr'>levitate</span> <span class='ocrx_word' id='word_1_298' title='bbox 266 2439 419 2482; x_wconf 89' lang='lat' dir='ltr'>indicis,</span> <span class='ocrx_word' id='word_1_299' title='bbox 446 2440 528 2486; x_wconf 80' lang='grc'>(39)</span> <span class='ocrx_word' id='word_1_300' title='bbox 556 2447 593 2473; x_wconf 90' lang='lat' dir='ltr'>et</span> <span class='ocrx_word' id='word_1_301' title='bbox 615 2441 880 2475; x_wconf 89' lang='lat' dir='ltr'>innocentiam</span> <span class='ocrx_word' id='word_1_302' title='bbox 905 2454 1012 2477; x_wconf 90' lang='lat' dir='ltr'>suam</span> <span class='ocrx_word' id='word_1_303' title='bbox 1039 2456 1084 2478; x_wconf 90' lang='lat' dir='ltr'>ea</span> <span class='ocrx_word' id='word_1_304' title='bbox 1109 2446 1194 2491; x_wconf 85' lang='lat' dir='ltr'>ipsa</span> <span class='ocrx_word' id='word_1_305' title='bbox 1219 2459 1259 2481; x_wconf 89' lang='lat' dir='ltr'>re</span> <span class='ocrx_word' id='word_1_306' title='bbox 1279 2439 1446 2497; x_wconf 31' lang='lat' dir='ltr'>probari,</span> 
     </span>
     <span class='ocr_line' id='line_1_39' title="bbox 88 2499 1450 2549; baseline 0.01 -17"><span class='ocrx_word' id='word_1_307' title='bbox 88 2499 193 2545; x_wconf 88' lang='lat' dir='ltr'>quod</span> <span class='ocrx_word' id='word_1_308' title='bbox 219 2499 320 2533; x_wconf 89' lang='lat' dir='ltr'>nihil</span> <span class='ocrx_word' id='word_1_309' title='bbox 354 2501 474 2535; x_wconf 92' lang='lat' dir='ltr'>biduo</span> <span class='ocrx_word' id='word_1_310' title='bbox 510 2502 648 2547; x_wconf 84' lang='lat' dir='ltr'>egerit,</span> <span class='ocrx_word' id='word_1_311' title='bbox 682 2503 838 2549; x_wconf 75' lang='lat' dir='ltr'>probari</span> <span class='ocrx_word' id='word_1_312' title='bbox 871 2505 984 2537; x_wconf 85' lang='lat' dir='ltr'>etiam</span> <span class='ocrx_word' id='word_1_313' title='bbox 1019 2505 1090 2539; x_wconf 84' lang='lat' dir='ltr'>vita</span> <span class='ocrx_word' id='word_1_314' title='bbox 1120 2515 1316 2544; x_wconf 84' lang='lat' dir='ltr'>anteacta:</span> <span class='ocrx_word' id='word_1_315' title='bbox 1376 2524 1450 2546; x_wconf 84' lang='lat' dir='ltr'>neo</span> 
     </span>
     <span class='ocr_line' id='line_1_40' title="bbox 87 2561 1451 2615; baseline 0.011 -22"><span class='ocrx_word' id='word_1_316' title='bbox 87 2571 201 2605; x_wconf 87' lang='lat' dir='ltr'>posse</span> <span class='ocrx_word' id='word_1_317' title='bbox 224 2561 300 2595; x_wconf 91' lang='lat' dir='ltr'>sibi</span> <span class='ocrx_word' id='word_1_318' title='bbox 325 2563 478 2597; x_wconf 88' lang='lat' dir='ltr'>crimini</span> <span class='ocrx_word' id='word_1_319' title='bbox 502 2564 609 2605; x_wconf 88' lang='lat' dir='ltr'>verti,</span> <span class='ocrx_word' id='word_1_320' title='bbox 641 2564 746 2609; x_wconf 90' lang='lat' dir='ltr'>quod</span> <span class='ocrx_word' id='word_1_321' title='bbox 783 2566 970 2609; x_wconf 83' lang='lat' dir='ltr'>Amyntae</span> <span class='ocrx_word' id='word_1_322' title='bbox 995 2567 1092 2613; x_wconf 78' lang='lat' dir='ltr'>regis</span> <span class='ocrx_word' id='word_1_323' title='bbox 1115 2572 1278 2614; x_wconf 87' lang='lat' dir='ltr'>patrueli</span> <span class='ocrx_word' id='word_1_324' title='bbox 1306 2573 1451 2615; x_wconf 85' lang='lat' dir='ltr'>(conso-</span> 
     </span>
     <span class='ocr_line' id='line_1_41' title="bbox 89 2620 1450 2682; baseline 0.009 -27"><span class='ocrx_word' id='word_1_325' title='bbox 89 2620 246 2657; x_wconf 81' lang='lat' dir='ltr'>brinum</span> <span class='ocrx_word' id='word_1_326' title='bbox 284 2624 461 2669; x_wconf 77' lang='lat' dir='ltr'>appellat</span> <span class='ocrx_word' id='word_1_327' title='bbox 495 2625 672 2669; x_wconf 76' lang='lat' dir='ltr'>Curtius,</span> <span class='ocrx_word' id='word_1_328' title='bbox 710 2625 908 2672; x_wconf 74' lang='lat' dir='ltr'>vulgarem</span> <span class='ocrx_word' id='word_1_329' title='bbox 941 2629 1256 2666; x_wconf 77' lang='lat' dir='ltr'>consuetudinem</span> <span class='ocrx_word' id='word_1_330' title='bbox 1285 2636 1450 2682; x_wconf 76' lang='lat' dir='ltr'>secutus)</span> 
     </span>
    </p>
   </div>
  </div>
 </body>
</html>
