1703 2961
388 142 470 185 DE
503 141 711 185 GESTIS
736 141 905 182 ALEX.
941 142 1010 191 lx,
1049 142 1117 184 20.
1396 141 1472 182 321

119 271 193 299 cer
218 254 388 312 ⁴gaudio
425 253 628 296 accurrit.
700 251 846 306 Quem
883 259 931 293 ut
966 251 1142 293 iniicere
1180 251 1354 308 corpori
1393 267 1473 293 suo

114 343 269 370 manus
301 327 446 374 sensit,
477 325 624 375 credo,
655 324 798 366 ultimi
829 323 1331 379 dedecorisindignitate
1354 340 1474 366 com-

112 406 274 445 motus,
309 399 579 455 linquentem
618 396 838 437 revocavit
875 395 1085 445 animum,
1120 402 1162 435 et
1193 395 1362 435 nudum
1395 395 1474 436 ho-

52 470 190 512 ustis
230 470 338 510 latus
375 469 571 511 subiecto
620 481 836 508 mucrone
877 465 1034 506 hausit.
1099 467 1310 507 Iacebant
1356 467 1472 509 circa

110 557 260 598 regem
303 542 382 582 tria
420 555 633 597 corpora,
683 538 839 595 procul
876 537 1153 593 stupentibus
1195 537 1368 579 ceteris:
1404 537 1472 578 ille

111 620 172 664 ut,
202 621 440 669 antequam
476 612 652 652 ultimus
681 610 856 666 spiritus
892 609 1113 658 deficeret,
1144 609 1354 652 dimicans
1383 610 1472 650 iam

49 699 96 728 13
112 686 455 740 extingueretur,
493 683 632 739 clipeo
669 697 713 723 se
754 682 934 723 allevare
969 689 1152 722 conatus
1181 688 1257 731 est,
1290 688 1333 722 et
1357 687 1475 737 post⁴

109 771 244 814 quam
275 756 330 798 ad
358 754 678 797 connitendum
705 753 812 794 nihil
836 760 1063 809 supererat
1091 753 1266 803 virium,
1297 753 1471 795 dextera

107 828 414 885 impendentes
455 840 604 868 ramos
642 824 893 880 complexus
938 825 1189 882 temptabat
1235 839 1470 882 assurgere.

107 900 196 942 Sed
227 915 282 940 ne
324 899 382 940 sic
422 898 603 956 quidem
637 903 794 952 potens
838 898 1052 954 corporis,
1082 911 1230 938 rursus
1259 895 1304 936 in
1331 910 1472 951 genua

107 971 377 1028 procumbit,
414 985 550 1011 manu
586 983 833 1026 provocans
868 967 1040 1020 hostes,
1079 969 1114 1012 si
1145 968 1240 1026 quis
1266 967 1473 1024 congredi

108 1042 303 1084 auderet.
1146 1089 1148 1094 ,

50 1132 99 1158 14
189 1113 390 1154 Tandem
421 1113 684 1155 Peucestes¹
727 1127 817 1169 per,
840 1111 971 1153 aliam
1012 1111 1163 1168 oppidi
1189 1117 1374 1167 partem,
1403 1111 1536 1153 de-21

110 1184 295 1227 turbatis
349 1183 775 1241 propugnatoribus,
818 1183 935 1224 muri
985 1184 1158 1240 vestigia
1209 1198 1475 1240 persequens

49 1276 94 1303 πε
110 1257 196 1313 regi
228 1256 491 1312 supervenit.
557 1256 659 1310 Quo
701 1262 942 1311 conspecto
977 1255 1234 1304 Alexander,
1265 1255 1352 1296 iam
1383 1271 1476 1297 non

104 1331 217 1372 vitae
244 1343 358 1377 suae,
386 1327 462 1369 sed
492 1328 648 1368 mortis
681 1326 886 1367 solatium
918 1328 1215 1384 supervenisse
1246 1333 1380 1374 ratus,
1407 1327 1478 1369 cli-

110 1417 196 1459 peo
234 1400 466 1456 fatigatum
511 1413 672 1456 corpus
709 1398 889 1453 excepit.
953 1399 1084 1441 Subit
1122 1400 1224 1440 inde
1255 1399 1475 1457 Timaeus,

107 1482 151 1515 et
185 1472 318 1530 paulo
359 1478 460 1525 post
494 1471 766 1518 Leonnatus,
811 1469 915 1512 huic
947 1472 1179 1513 Aristonus
1212 1471 1476 1527 supervenit.

47 1545 208 1587 16Indi
252 1558 456 1601 quoque,
497 1557 600 1584 cum
638 1543 753 1583 intra
797 1542 973 1583 moenia
1003 1558 1150 1600 regem
1180 1558 1270 1584 esse
1302 1558 1479 1599 compe-

107 1617 277 1665 rissent,
318 1614 490 1656 omissis
530 1615 699 1665 ceteris,
734 1614 835 1656 illuc
874 1623 1209 1665 concurrerunt,
1247 1615 1480 1671 urgebant·
1522 1639 1527 1644 ·

111 1705 195 1747 que
224 1693 522 1744 protegentes.
590 1686 657 1727 Ex
683 1688 841 1744 quibus
869 1688 1087 1737 Timaeus,
1117 1687 1266 1728 multis
1296 1687 1478 1728 adverso

110 1774 297 1816 corpore
341 1757 594 1798 vulneribus
633 1760 845 1816 acceptis,
889 1759 1144 1816 egregiaque
1174 1759 1289 1800 edita
1319 1774 1481 1816 pugna,

50 1851 96 1877 17
114 1831 290 1879 cecidit3
321 1830 555 1872 Peucestes
588 1846 764 1888 quoque
795 1832 934 1872 tribus
963 1830 1113 1872 iaculis
1135 1830 1362 1872 confossus
1388 1846 1481 1872 non

110 1920 155 1946 se
185 1911 335 1944 tamen
363 1909 504 1952 scuto,
532 1903 608 1944 sed
636 1918 786 1959 regem
814 1903 1041 1953 tuebatur;
1073 1903 1340 1951 Leonnatus,
1374 1903 1482 1945 dum

116 1975 242 2017 avide
282 1980 460 2014 ruentes
499 1973 714 2016 barbaros
763 1981 1034 2022 summovet,
1079 1974 1247 2016 cervice
1296 1976 1486 2033 graviter

57 2048 206 2092 reicta
254 2045 520 2088 semianimis
553 2047 795 2103 procubuit
832 2054 932 2088 ante
972 2045 1083 2102 regis
1121 2046 1267 2102 pedes.
1319 2048 1414 2087 Iam
1442 2053 1487 2088 et

115 2120 348 2161 Peucestes
402 2118 654 2159 vulneribus
698 2118 900 2174 fatigatus
949 2118 1229 2159 summiserat
1276 2117 1486 2174 clipeum:

112 2190 159 2232 in
188 2190 391 2230 Aristono
418 2204 514 2246 spes
544 2188 697 2231 ultima
732 2190 957 2232 haerebat.
1022 2190 1101 2231 Hic
1139 2205 1316 2246 quoque
1350 2189 1487 2246 gravi-

115 2272 184 2304 ter
225 2261 397 2304 saucius
439 2267 612 2301 tantam
648 2262 738 2303 vim
776 2262 972 2304 hostium
1010 2261 1124 2302 ultra
1154 2261 1365 2302 sustinere
1394 2275 1488 2302 non

60 2340 306 2390 19poterat.
373 2335 495 2373 Inter
527 2333 636 2375 haec
672 2334 727 2375 ad
765 2335 1033 2377 Macedonas
1083 2348 1233 2389 regem
1281 2332 1488 2374 cecidisse

117 2403 239 2445 fama
277 2403 444 2461 perlata
486 2412 561 2446 est.
631 2405 876 2447 Terruisset
913 2405 1034 2456 alios,
1067 2405 1187 2462 quod
1214 2404 1310 2445 illos
1338 2404 1490 2446 incita-

118 2477 193 2520 vit.
267 2476 472 2533 Namque
520 2476 703 2532 periculi
772 2477 917 2520 omnis
963 2476 1251 2518 immemores
1296 2475 1489 2518 dolabris

118 2635 136 2660 1
161 2636 374 2678 Peucestas,
404 2643 445 2670 et
464 2634 517 2671 sic
535 2644 685 2682 postea.
