1703 2961
0 2770 11 2957 ''Qum-—
0 2678 9 2756 μή
0 2650 1 2653 ⁴

226 182 310 223 208
674 177 730 234 Q.
764 176 967 221 CURTH
996 177 1135 221 mm

226 304 446 350 potestate
471 303 549 335 est.
582 294 634 335 Si
660 303 790 347 pacet·
817 295 965 335 credet
983 296 996 317 ¹
1032 308 1058 333 a
1075 291 1181 349 filio
1208 295 1471 347 impressum,
1491 309 1580 335 cum

227 380 272 410 ce
300 369 479 415 viderit,
517 367 627 408 nihil
655 376 825 407 metuet.

304 439 576 496 Polydamas,
611 445 735 478 tanto
767 436 973 477 liberatus
1001 443 1136 484 metu,
1166 436 1404 493 impensius
1433 437 1579 486 etiam,
1599 457 1642 483 17

227 528 361 570 quam
402 510 662 567 exigebatur,
704 509 924 565 promittit
953 523 1148 564 operam.
1211 507 1581 565 Collaudatusque

226 593 270 627 et
306 581 528 641 promissis
565 588 790 629 oneratus,
841 581 1037 638 deposita
1078 589 1215 631 veste,
1277 596 1409 638 quam
1449 580 1581 622 habe-

224 659 312 706 bat,
343 654 528 697 Arabica
572 653 780 694 induitur.
840 653 942 694 Duo
973 653 1151 703 Arabes,
1183 668 1373 710 quorum
1400 653 1636 696 interimis

226 729 430 782 coniuges
471 739 520 767 ac
556 725 699 774 liberi,
742 725 967 767 vinculum
1008 724 1122 772 fidei,
1161 725 1333 766 obsides
1375 725 1491 782 apud
1516 740 1582 766 re—

226 815 324 858 gem
355 804 489 846 erant,
521 796 608 837 dati
636 797 831 842 comites.
898 798 982 838 Per
1012 797 1179 838 deserta
1210 797 1344 838 etiam
1373 798 1430 838 ob
1461 797 1580 840 sicci·

224 881 364 914 tatem
399 870 493 910 loca
533 868 720 917 camelis,
759 869 989 911 undecima
1033 868 1114 918 die,
1157 885 1243 925 quo
1276 869 1577 920 destinaverat,

223 942 498 1002 perveniunt.
564 941 623 981 Et
648 942 767 996 prius
798 956 930 997 quam
962 940 1092 996 ipsius
1117 941 1393 982 nuntiaretur
1423 941 1642 988 adven-19

223 1024 304 1066 tus,
331 1027 475 1055 rursus
506 1014 761 1071 Polydamas
800 1020 963 1053 vestem
991 1013 1326 1054 Macedonicam
1356 1014 1505 1065 sumit,
1535 1021 1578 1054 et

222 1089 268 1130 in
303 1085 636 1129 tabernaculum
671 1084 876 1138 Cleandri
924 1088 1129 1140 (praetor
1169 1085 1238 1127 hic
1289 1085 1426 1141 regius
1463 1087 1576 1134 erat)

221 1167 375 1218 quarta
407 1157 543 1213 vigilia
576 1157 784 1213 pervenit.
852 1155 1050 1197 Redditis
1091 1156 1245 1197 deinde
1277 1157 1443 1206 litteris,
1475 1171 1637 1198 con-20

220 1234 456 1275 stituerunt
493 1228 632 1284 prima
671 1228 765 1282 luce
797 1227 849 1269 ad
880 1228 1216 1269 Parmenionem
1251 1230 1381 1271 coire.
1443 1229 1577 1270 Nam—

220 1321 304 1363 que
348 1301 500 1345 ceteris
540 1315 714 1356 quoque
751 1299 915 1340 litteras
951 1300 1059 1355 regis
1104 1300 1318 1341 attulerat.
1385 1301 1478 1341 Iam
1519 1301 1574 1342 ad

218 1392 322 1419 eum
347 1372 517 1416 venturi
555 1379 690 1421 erant,
718 1387 819 1412 eum
853 1371 1131 1412 Parmenioni
1165 1371 1478 1427 Polydamanta
1510 1389 1575 1414 ve-

222 1450 334 1492 nisse
363 1446 686 1487 nuntiaverunt.
742 1443 828 1498 Qui
861 1443 967 1483 dum
999 1443 1184 1484 laetatur
1213 1444 1401 1486 adventu
1434 1445 1636 1493 amici‚21

219 1520 434 1576 simulque
473 1509 697 1563 noscentfi,
736 1531 846 1572 quae
883 1530 957 1556 rex
987 1522 1144 1571 ageret,
1185 1516 1356 1565 avidus,
1389 1518 1572 1574 (quippe

219 1595 350 1649 longo
384 1588 609 1630 intervallo
647 1587 810 1628 nullam
851 1588 904 1629 ab
945 1603 996 1629 eo
1039 1586 1268 1642 epistolam
1309 1594 1572 1644 acceperat‚)

218 1665 536 1721 Polydamanta
578 1659 738 1716 requiri
779 1660 909 1700 iubet.
977 1659 1225 1700 Diversoria
1256 1659 1440 1715 regionis
1468 1660 1574 1702 illius
1589 1678 1635 1702 2⁷2

216 1750 399 1793 magnos
437 1747 628 1773 recessus
659 1731 836 1779 habent,
867 1746 1163 1787 amoenosque
1196 1732 1450 1773 nemoribus
1482 1748 1571 1773 ma-

217 1826 277 1851 nu
309 1805 506 1854 consitis;
543 1819 590 1844 ea
622 1803 855 1859 praecipue
882 1818 1033 1859 regum
1063 1806 1424 1859 satraparumque
1455 1800 1573 1845 vol'u-

217 1889 314 1939 ptas
339 1885 445 1919 erat.
507 1875 786 1933 Spatiabatur
824 1877 867 1916 in
896 1889 1077 1916 nemore
1109 1875 1375 1916 Parmenion
1403 1877 1572 1918 medius
1585 1894 1632 1922 23

219 1955 331 1995 inter
364 1951 507 1999 duces,
546 1947 702 2005 quibus
740 1954 833 1988 erat
873 1947 1138 2001 imperatum
1173 1936 1325 1988 litteris
1361 1949 1483 2004 regis,
1524 1957 1572 1990 ut

219 2024 486 2068 occiderent.
543 2019 750 2076 Agendae
780 2027 928 2060 autem
957 2019 1018 2059 rei
1039 2019 1356 2060 constituerant
1386 2027 1568 2077 tempus,

218 2114 318 2142 cum
350 2092 615 2138 Parmenion
646 2106 668 2131 a
687 2091 1002 2148 Polydamante
1033 2091 1196 2131 litteras
1223 2091 1400 2133 traditas
1430 2092 1568 2148 legere

218 2169 442 2225 coepisset.
522 2163 782 2221 Polydamas
819 2163 973 2219 procul
1013 2164 1207 2212 veniens,
1255 2171 1303 2204 ut
1342 2179 1364 2204 a
1397 2165 1628 2210 Parme-24

215 2243 348 2284 nione
389 2243 649 2293 conspectus
689 2235 801 2282 est,²
841 2233 962 2275 vultu
1003 2235 1190 2276 laetitiae
1228 2235 1417 2290 speciem
1448 2251 1570 2292 prae-

213 2315 395 2362 ferente,
437 2309 491 2350 ad
532 2306 914 2364 complectendum
943 2323 1043 2348 eum
1073 2308 1283 2356 cucurrit3
1324 2315 1564 2365 mutuaque

215 2383 502 2444 gratulatione
533 2379 686 2430 functi,
706 2379 965 2435 Polydamas
995 2380 1221 2436 epistularu
1252 2395 1272 2419 a
1291 2380 1306 2406 3
1344 2395 1440 2436 rege
1466 2380 1568 2421 scri-

215 2467 337 2515 ptam
373 2455 410 2496 ei
449 2453 640 2494 tradidit.
708 2451 973 2492 Parmenion
1002 2453 1223 2494 vinculum
1256 2451 1459 2507 epistolae
1488 2451 1629 2502 sol-25

213 2545 328 2579 vens,
368 2525 579 2585 quidnam
618 2539 692 2565 rex
734 2524 904 2580 ageret?
941 2525 1204 2580 requirebat.
1274 2524 1348 2564 Ille
1391 2539 1439 2565 ex
1467 2524 1566 2580 ipsis

1456 2595 1566 2637 litte-

213 2682 231 2705 1
256 2682 309 2715 sic
334 2689 443 2728 pater
467 2683 637 2717 credens.
667 2680 789 2718 Codrl.
816 2683 948 2717 credit.
995 2683 1015 2709 2
1041 2682 1149 2718 ahesc
1178 2683 1328 2718 verbum
1354 2689 1419 2716 est.
1455 2681 1474 2711 3
1500 2682 1560 2716 ab.
