1703 2961
405 124 484 164 DF,
517 122 721 165 GESTlS
752 123 918 164 ALEX.
954 122 1147 173 V111‚21.
1367 123 1448 164 269

106 241 263 282 cohors
276 238 400 279 vvelut
420 234 702 277 seminarium
720 234 882 276 ducum
902 234 1314 291 praefectorumque
1333 235 1447 291 apud

101 311 370 354 Macedonas
409 307 515 347 fuit:
553 305 656 348 hinc
685 305 878 347 habuere
905 307 1067 363 posteri
1100 321 1230 361 reges,
1259 322 1448 362 quorum

101 382 337 438 stirpibus¹
382 385 482 436 post
520 376 678 419 multas
719 382 881 418 aetates
922 377 1111 419 Romani
1145 392 1247 430 opes
1279 379 1451 419 ademe-

100 461 216 495 runt.

51 545 68 571 7
185 525 320 579 Igitur
359 521 642 568 Hermolaus,
679 535 790 576 puer
818 519 974 561 nobilis
1014 535 1063 561 ex
1098 519 1213 575 regia
1252 518 1450 568 cohorte,

103 612 204 637 cum
246 608 402 650 aprum
433 592 520 634 telo
560 599 835 647 occupasset,
876 607 1006 648 quem
1049 607 1123 632 rex
1155 591 1285 632 ferire
1326 592 1452 633 desti-

101 673 293 714 naverat,
338 665 454 705 iussu
503 664 593 704 eius
646 663 896 706 verberibus
944 663 1127 705 affectus
1166 671 1242 705 est.
1308 666 1452 718 Quam

103 735 387 794 ignominiam
418 750 543 792 aegre
571 735 714 776 ferens
747 735 906 776 deflere
938 736 1053 791 apud
1083 736 1329 777 Sostratum
1358 752 1454 778 coe-

52 827 71 856 g
103 809 179 866 pit.
247 808 313 848 Ex
350 808 504 849 eadem
540 806 723 850 cohorte
761 814 856 848 erat
892 807 1135 856 Sostratus,
1175 823 1325 848 amore
1366 808 1454 851 eius

102 879 269 921 ardens.
306 878 394 932 Qui
426 894 527 920 cum
555 879 795 920 laceratum
823 893 995 935 corpus,
1023 879 1066 919 in
1098 894 1184 935 quo
1214 879 1453 934 deperibat,

103 952 357 1001 intueretur,
385 950 566 991 forsitan
598 950 702 991 olim
736 951 792 992 ob
823 950 950 991 aliam
979 965 1153 1007 quoque
1186 965 1361 992 causam
1392 965 1457 991 re-

101 1024 140 1079 gi
167 1023 358 1069 infestus,
386 1022 587 1062 iuvenem
619 1037 695 1062 sua
725 1030 880 1078 sponte
906 1022 993 1062 iam
1021 1029 1208 1070 motum,
1241 1022 1339 1062 data
1370 1021 1455 1062 fide

105 1101 371 1150 acceptaque
410 1094 620 1149 perpulit,
659 1102 708 1134 ut
755 1092 985 1135 occidendi
1030 1108 1178 1149 regem
1227 1092 1455 1133 consilium

51 1187 73 1218 9
105 1180 255 1209 secum
285 1165 426 1206 iniret.
498 1165 590 1206 Nec
630 1164 782 1219 puerili
815 1164 982 1219 impetu
1012 1178 1106 1204 rem
1138 1163 1303 1204 executi
1335 1171 1455 1204 sunt:

106 1238 265 1294 quippe
302 1236 498 1278 sollerter
535 1236 744 1291 legerunt,
786 1251 896 1292 quos
924 1236 967 1276 in
998 1237 1254 1277 societatem
1285 1236 1456 1277 sceleris

105 1309 375 1350 asciscerent.
430 1307 745 1356 Nicostratum,
775 1307 1059 1362 Antipatrum
1075 1307 1459 1363 Asclepiodorum-

106 1395 189 1436 que
222 1386 264 1420 et
294 1379 509 1420 Philotam
539 1378 705 1433 placuit
737 1379 915 1419 assumi:
955 1394 1034 1434 per
1059 1378 1140 1419 hos
1169 1379 1328 1420 adiecti
1358 1387 1459 1420 sunt

50 1451 311 1500 10Anticles‚
341 1450 597 1504 Elaptonius
628 1457 672 1490 et
700 1450 949 1506 Epimenes.
1019 1450 1227 1491 Ceterum
1268 1452 1458 1507 agendae

106 1523 166 1563 rei
193 1523 310 1562 haud
339 1537 439 1563 sane
473 1521 610 1562 facilis
650 1523 830 1577 patebat
864 1522 944 1562 via.
1015 1521 1139 1577 Opus
1181 1531 1273 1563 erat
1305 1524 1460 1564 eadem

107 1609 258 1634 omnes
289 1595 539 1634 coniuratos
579 1602 709 1634 nocte
744 1595 982 1642 excubare,
1035 1609 1089 1633 ne
1119 1595 1172 1647 ab
1212 1595 1459 1650 expertibus

109 1665 276 1706 consilii
323 1664 661 1720 impedirentur;
710 1664 823 1705 forte
875 1672 1021 1705 autem
1063 1665 1168 1705 alius
1207 1666 1288 1706 alia
1328 1675 1460 1708 nocte

47 1736 362 1781 11excubabat.
426 1737 578 1792 ltaque
609 1736 653 1776 in
680 1737 982 1791 permutandis
1012 1737 1253 1777 stationum
1297 1738 1461 1779 vicibus

111 1815 344 1864 ceteroque
369 1815 581 1863 apparatu
605 1809 880 1865 exequendae
905 1808 967 1849 rei
993 1809 1167 1866 triginta
1196 1817 1239 1849 et
1258 1809 1346 1850 duo
1374 1810 1462 1850 dies

110 1878 326 1933 absumpti
368 1887 480 1920 sunt.

47 1973 95 1994 η
190 1951 355 1991 Aderat
400 1966 508 2000 nox,
556 1967 640 2007 qua
696 1952 911 1994 coniurati
961 1954 1179 2004 excubare·
1229 1953 1524 2005 d·ebebant,22

110 2030 262 2063 mutua
294 2021 377 2063 fide
420 2022 531 2072 laeti,
564 2024 684 2064 cuius
710 2024 1029 2065 documentum
1061 2032 1128 2065 tot
1161 2025 1249 2065 dies
1274 2025 1460 2067 fuerant.

108 2094 344 2135 Neminem
395 2103 539 2136 metus
588 2111 735 2151 spesve
786 2103 1049 2137 mutaverat:
1097 2104 1217 2137 tanta
1258 2099 1462 2139 omnibus

50 2165 175 2212 13vel
203 2165 248 2205 in
283 2180 428 2221 regem
470 2166 546 2215 ira,
582 2167 647 2207 vel
692 2165 796 2207 fides
836 2167 949 2209 inter
977 2168 1092 2224 ipsos
1121 2167 1216 2209 suit.
1277 2170 1464 2210 Stabant

110 2237 238 2292 igitur
280 2237 335 2278 ad
371 2237 487 2277 fores
529 2237 645 2277 aedis
685 2238 787 2287 eius,
828 2239 871 2279 in
903 2255 986 2296 qua
1015 2254 1088 2280 rex
1116 2241 1383 2290 vescebatur,
1414 2249 1464 2281 ut

59 2307 312 2354 14eonvivio
358 2323 575 2363 egressum
623 2309 667 2350 in
719 2310 969 2351 cubiculum
1018 2311 1298 2352 deducerent.
1375 2312 1463 2353 Sed

107 2376 285 2419 fortuna
330 2379 461 2435 ipsius
497 2379 710 2437 simulque
748 2382 1020 2438 epulantium
1052 2383 1235 2424 comitas
1267 2383 1464 2439 provexit

109 2464 262 2491 omnes
294 2451 348 2491 ad
381 2450 538 2507 largius
576 2452 749 2504 vinum3
777 2453 866 2495 ludi
894 2456 1024 2496 etiam
1059 2455 1298 2498 convivales
1328 2462 1464 2497 extra-

108 2615 128 2639 1
155 2615 276 2662 stirpi.
