1703 2961
414 110 496 153 DE
528 109 739 160 GEsTls
771 109 939 152 ALEX.
971 109 1068 157 Vll.
1099 111 1166 152 30.
1392 112 1474 153 229

110 234 198 267 tum
218 224 262 265 in
283 224 407 266 nobis
421 228 557 268 animi
574 228 647 274 sit,
667 226 808 266 alieno
828 226 977 264 Μανία
996 226 1291 279 experiuntur.
1336 226 1470 267 Haud

109 298 240 340 dubia
266 294 505 353 fortuna,¹
549 301 591 339 si
631 299 899 340 omiserimus
951 297 1138 351 Scythas
1186 300 1299 341 ultro
1348 314 1470 340 arma

108 365 358 423 inferentes,
395 373 630 425 contempti
657 371 715 409 ad
744 370 861 419 illos,
889 372 966 424 qui
991 366 1254 420 defecerunt,
1285 382 1466 413 reverte-

50 455 225 481 12mur:
257 445 298 482 si
329 458 430 486 vero
467 446 644 484 Tanaim
674 444 990 490 transierimus,
1023 452 1065 484 et
1090 444 1245 498 ubique
1275 446 1468 485 invictos

105 529 197 555 esse
224 530 303 555 nos
332 517 584 571 Scytharum
610 518 801 569 pernicie
831 531 882 555 ae
910 517 1118 569 sanguine
1140 518 1464 564 ostenderimus,

104 588 200 641 quis
237 589 460 629 dubitabit
494 603 645 643 parere
670 590 688 612 ²
737 588 870 634 etiam
906 587 1142 641 Europae-’v
1195 590 1466 631 victoribus?

48 670 91 698 13
109 660 312 710 Fallitur,
352 663 428 715 qui
455 663 664 701 terminos
691 661 860 714 gloriae
894 671 1065 702 nostrae
1097 664 1276 702 metitur
1303 664 1463 716 spatio,

103 734 220 788 quod
259 736 492 774 transituri
530 749 686 774 sumus.
761 735 880 775 Unus
916 735 1056 774 amnis
1081 733 1310 793 interfluit,
1341 751 1463 790 quem

44 807 146 845 14si
175 808 434 855 traiicimus‚
467 808 513 848 in
537 809 761 860 Europam
785 822 905 847 arma
931 803 1208 865 proferimus.
1254 811 1319 850 Et
1334 823 1464 864 quan-

101 880 143 918 ti
180 881 492 920 aestimandum
527 892 612 928 est,
664 881 765 920 dum
800 881 954 920 Asiam
994 882 1251 935 subigimus,
1293 883 1339 922 in
1373 882 1461 923 alio

103 954 418 1007 quodammodo
447 953 546 994 orbe
564 963 748 1006 tropaea
771 963 974 998 statuere,
1005 963 1049 994 et
1078 969 1186 1009 quae
1214 964 1305 995 tam
1331 955 1462 1008 longo

101 1026 335 1067 intervallo
355 1036 509 1068 natura·
523 1028 702 1066 videtur
728 1027 967 1075 diremisse,
993 1041 1077 1066 una
1097 1029 1290 1068 victoria
1317 1028 1461 1069 subito

39 1114 84 1142 15
102 1100 398 1140 committere?
434 1101 498 1140 At
530 1100 697 1138 hercule
727 1100 770 1138 si
794 1099 1017 1152 paululum
1052 1103 1383 1149 cessaverimus,
1416 1103 1462 1142 in

99 1173 238 1225 tergis
269 1173 432 1213 nostris
459 1173 646 1226 Scythae
684 1172 929 1212 haerebunt.
989 1173 1060 1213 An
1086 1173 1172 1214 soli
1199 1189 1354 1223 sumus,
1384 1176 1461 1232 qui

86 1243 279 1303 flumina
307 1255 534 1286 transnare
561 1245 817 1298 possumus?
843 1246 990 1285 Multa
1013 1247 1059 1286 in
1082 1249 1370 1301 nosmetipsos
1400 1263 1460 1287 re-

39 1325 89 1354 16
99 1319 258 1366 cident,
287 1318 441 1372 quibus
467 1319 606 1357 adhuc
632 1319 828 1357 vicimus.
882 1321 1071 1359 Fortuna
1098 1319 1202 1360 belli
1229 1330 1365 1361 artem
1393 1322 1459 1360 vi-

100 1401 193 1432 ctos
224 1406 388 1445 quoque
422 1391 562 1432 docet.
613 1390 795 1431 Utribus
829 1406 994 1430 amnem
1030 1392 1282 1433 traiiciendi
1318 1409 1457 1434 exem-

98 1464 216 1516 plum
228 1459 423 1520 fecimus
453 1479 606 1517 nuper:
637 1465 729 1511 hoc,
761 1472 811 1503 ut
849 1464 1031 1518 Scythae
1053 1465 1225 1506 imitari
1251 1469 1459 1517 nesciant,

38 1548 84 1574 17
100 1538 334 1576 Bactriani
362 1537 583 1578 docebunt.
639 1537 874 1576 Praeterea
901 1551 1009 1577 unus
1037 1540 1181 1590 gentis
1197 1540 1325 1579 huius
1342 1555 1460 1580 exer-

99 1611 213 1650 citus
250 1611 425 1650 adhue4
467 1611 606 1659 venit,
645 1611 778 1648 ceteri
824 1620 1123 1663 expectantur.
1181 1614 1256 1652 Ita
1305 1612 1460 1654 bellum

104 1684 290 1724 vitando
320 1684 500 1731 alemus,
541 1691 586 1722 et
622 1683 739 1737 quod
769 1678 930 1740 inferre
955 1685 1228 1737 possumus,⁵
1265 1688 1460 1741 accipere

41 1773 85 1801 18
101 1771 311 1810 cogemur.
380 1751 626 1813 Ilffanffesta
663 1765 730 1796 est
767 1756 942 1797 consilii
981 1758 1066 1796 mei
1093 1760 1224 1801 ratio.
1285 1760 1373 1800 Sed
1402 1776 1460 1802 an

98 1831 352 1885 permissuri
384 1831 476 1884 sint
513 1828 656 1869 mihi⁶
686 1830 952 1870 Macedones
978 1831 1122 1871 animo
1151 1832 1222 1872 uti
1247 1848 1356 1884 meo,
1383 1835 1459 1875 du-

99 1904 191 1945 bito
205 1918 221 1950 ;
247 1905 350 1958 quia
375 1917 431 1942 ex
462 1916 545 1956 quo
574 1903 656 1942 7100
681 1903 837 1942 vulnus
866 1903 1030 1956 accepi,
1059 1917 1144 1944 non
1170 1919 1277 1960 equo
1306 1918 1460 1950 vectus

41 1991 88 2023 19
101 1992 207 2023 sum,
236 1991 319 2017 non
346 1975 531 2028 pedibus
569 1975 800 2027 ingressus.
869 1976 956 2016 Sed
992 1978 1035 2016 si
1063 1992 1128 2016 me
1155 1980 1279 2033 sequi
1303 1982 1458 2031 vultis,

99 2050 240 2094 valeo,
271 2049 414 2088 amici.
465 2049 588 2088 Satis
612 2050 774 2088 virium
804 2057 871 2089 est
902 2049 960 2089 ad
986 2049 1211 2090 toleranda
1237 2054 1348 2105 ista,·
1381 2067 1460 2098 aut

99 2123 141 2161 si
179 2123 265 2161 iam
301 2122 428 2161 adest
462 2122 586 2161 vitae
623 2137 738 2161 meae
761 2120 889 2180 finis,
931 2123 978 2163 in
1020 2137 1102 2178 quo
1129 2112 1303 2166 tandem
1330 2143 1458 2184 opere

99 2195 248 2234 melius
275 2196 536 2248 extinguar?

36 2279 87 2305 20
182 2266 301 2308 Haec
329 2281 482 2322 quassa
513 2264 659 2306 adhuc
686 2279 795 2307 voce
824 2263 1126 2318 subdeficiens,
1156 2267 1225 2309 vix
1245 2271 1510 2326 proximi931

99 2329 437 2389 exaudientibus,
478 2337 666 2380 dixerat:
704 2352 808 2379 cum
849 2352 1003 2380 omnes
1044 2353 1068 2379 a
1108 2344 1202 2381 tam
1227 2343 1454 2399 praecipiti

101 2501 118 2526 1
147 2500 256 2546 vulgo
281 2498 330 2534 de
354 2504 510 2537 coniecc.
538 2501 641 2535 haud
664 2501 792 2537 dubie,
819 2502 864 2536 si.
1020 2503 1040 2528 2
1070 2510 1211 2550 patere.
1360 2507 1378 2536 3
1407 2509 1456 2544 de

189 2555 347 2588 com'ecc.
378 2555 492 2592 codd.
519 2557 719 2602 Europen:
748 2556 856 2601 vulgo
882 2557 1088 2604 Europam.
1284 2560 1305 2592 4
1329 2561 1457 2598 adhuc

191 2609 386 2644 exercitus.
589 2611 608 2639 5
632 2621 843 2657 possemus.
1046 2611 1068 2638 6
1093 2611 1215 2647 abest.
