1703 2961
193 150 268 183 :¹11
644 133 1113 182 PRAEFATIO.

191 257 248 303 in
270 251 602 302 emaculando
636 255 712 300 usi
753 265 892 311 sunt3
929 270 1261 317 quamquam,
1306 269 1358 304 ut
1391 275 1543 322 supra

190 319 481 383 significavi,
513 320 702 380 antiqui
737 319 953 366 editores
987 336 1095 367 non
1125 320 1233 377 fere
1257 337 1467 383 operam
1490 329 1543 370 in

187 388 429 432 continua
473 386 700 430 oratione
754 383 816 430 ad
852 396 1021 430 vetera
1077 387 1386 448 exemplaria
1441 393 1541 435 exi-

186 449 352 513 genda
383 461 682 511 posuerunt,
716 448 804 494 sed
837 465 988 495 omne
1020 453 1281 513 negotium
1309 466 1457 499 suum
1490 456 1541 499 in

186 531 250 561 eo
288 516 672 571 continuerunt,
706 526 763 559 ut
797 514 1075 560 scribarum
1115 526 1164 560 et
1194 518 1541 578 typographo-

180 595 296 626 rum
318 578 650 626 creberrimos
680 594 874 624 errores
901 578 1243 637 emendarent,
1271 593 1321 627 et
1352 581 1539 640 ulcera,

183 659 318 706 quae
350 644 600 690 leniorem
645 642 949 689 medicinam
997 657 1321 706 respuerent,
1373 649 1540 692 conie-

184 710 339 756 cturis
359 711 548 771 partim
567 707 816 766 felicibus,
834 709 1141 770 plerumque
1170 708 1539 768 audacioribus,

181 786 320 821 certe
355 772 418 820 ad
450 785 708 819 externam
754 775 980 835 speciem
1023 786 1269 821 sanarent.
1338 776 1398 821 In
1430 791 1534 838 quo

176 854 366 903 genere
398 839 542 884 nulla
573 853 672 884 nec
705 838 870 896 laude,
899 854 996 885 nec
1026 839 1429 900 reprehensione
1462 841 1534 887 di—

175 919 306 966 gnus
341 915 416 950 est
441 901 834 949 Bartholomaeus
870 904 1091 959 Merula,
1135 918 1289 964 quem
1321 904 1534 951 ridicule

176 971 329 1031 Casp.
372 967 607 1015 Barthius
649 966 816 1029 (apud
856 967 1262 1015 Freinshemium
1300 970 1356 1015 in
1403 982 1535 1016 cata-

173 1033 295 1097 logo
341 1032 623 1080 editionum
664 1032 730 1079 ad
783 1049 825 1080 a.
877 1031 1019 1094 1494)
1075 1032 1250 1079 scribit
1304 1036 1532 1096 primum

175 1101 375 1160 optimo
410 1099 606 1144 auctori
646 1097 1027 1159 corrumpendo
1059 1098 1298 1144 audaciae
1335 1101 1534 1161 signum

173 1164 451 1210 sustulisse.
498 1163 590 1209 Ille
621 1178 757 1220 vero,
788 1165 1029 1224 quamvis,
1056 1165 1143 1222 qui
1173 1178 1283 1208 mos
1308 1162 1405 1209 fuit
1425 1166 1533 1210 eius

170 1231 364 1286 aetatis,
402 1244 615 1290 operam
636 1243 780 1273 suam
801 1231 856 1273 in
875 1227 1196 1274 dedicatione
1220 1227 1366 1274 valde
1384 1245 1533 1290 prae-

170 1292 377 1351 dicaret,
409 1293 538 1339 nihil
571 1305 743 1338 tamen
777 1292 915 1338 aliud
942 1292 1077 1350 fecit,
1108 1307 1260 1353 quam
1280 1294 1419 1353 quod
1436 1293 1528 1340 ho-

166 1358 251 1406 die
282 1359 363 1405 vel
397 1360 559 1421 ignavi
594 1370 907 1404 correctores
943 1359 997 1404 in
1027 1357 1354 1404 emendandis
1376 1371 1527 1421 typo-

164 1424 480 1487 graphorum
509 1423 729 1485 plagulis
759 1421 976 1481 faciunt,
1010 1434 1066 1468 ut
1105 1438 1300 1469 errores
1331 1424 1527 1484 aliquot

163 1491 315 1535 nimis
372 1490 684 1548 conspicuos
736 1503 798 1533 ex
831 1489 1070 1549 principe
1116 1487 1338 1533 editione
1380 1489 1524 1534 tolle-

162 1566 267 1612 ret,
304 1553 466 1599 multo
499 1552 676 1613 plures
708 1552 1029 1612 relinqueret.
1099 1552 1198 1598 Sed
1242 1551 1522 1600 laudandus

163 1631 241 1665 est
271 1617 546 1664 Franciscus
578 1616 845 1672 AsulanuS,
880 1618 968 1676 qui
1010 1631 1127 1660 cum
1154 1615 1392 1662 Aldinam
1436 1634 1520 1663 cu-

159 1696 310 1740 raret,
340 1697 448 1728 non
483 1680 691 1726 mendas
719 1681 886 1726 solum
903 1682 1157 1743 graviores
1182 1682 1396 1738 sustulit,
1432 1682 1521 1728 sed

157 1747 409 1810 quaedam
459 1747 611 1792 etiam
667 1744 954 1792 difficiliora
1000 1745 1232 1791 sollerter
1284 1748 1513 1793 restituit.

154 1816 340 1861 Postea
369 1827 490 1858 vero
525 1813 774 1872 imprimis
810 1812 897 1871 qui
931 1808 1278 1856 Frobenianczm
1309 1823 1359 1857 et
1388 1813 1518 1875 Gry-

152 1878 408 1942 phianam,
441 1888 708 1936 utramque
744 1878 862 1921 anni
896 1877 1033 1932 1545,
1072 1888 1325 1933 curarunt,
1354 1877 1514 1922 multo

150 1945 272 2006 plus
307 1942 401 1989 sibi
434 1941 589 1988 licere
621 1940 855 1987 videntur
885 1939 1106 1986 arbitrati
1137 1956 1272 1998 esse,
1301 1957 1397 1987 nec
1414 1957 1515 1987 am-

150 2010 290 2072 plius
341 2023 457 2054 cum
505 2005 830 2052 librariorum
883 2007 1190 2068 ignorantia,
1256 2006 1345 2057 sed
1397 2022 1513 2052 cum

152 2077 269 2136 ipso
301 2075 551 2134 scriptore
584 2087 692 2117 rem
720 2070 813 2116 sibi
835 2086 944 2117 esse
966 2073 1072 2127 rati,
1110 2072 1260 2116 etiam
1280 2087 1352 2129 ea,
1384 2087 1514 2132 quae

151 2151 415 2199 utcunque
459 2136 580 2182 ferri
620 2148 856 2197 possent,
911 2138 1161 2199 corrigere
1212 2148 1263 2181 et
1314 2137 1511 2198 elegan-

148 2206 279 2251 tiora
314 2203 506 2248 scilicet
538 2200 749 2247 reddere
785 2213 1082 2262 coeperunt.
1150 2202 1509 2258 Veruntamen,

150 2268 289 2331 quod
312 2269 456 2313 initio
487 2266 603 2323 dixi,
638 2282 816 2312 omnes
852 2266 905 2311 hi
938 2266 1248 2326 antiquiores
1286 2283 1345 2311 ex
1373 2269 1507 2327 prin-

148 2337 267 2396 cipe
313 2332 536 2378 editione
583 2343 632 2376 et
676 2347 748 2388 ea,
784 2347 937 2392 quam
970 2330 1230 2391 descripsi,
1270 2331 1506 2377 codicum

144 2400 616 2459 manuscriptorum
646 2395 838 2442 familia
863 2398 935 2442 sic
953 2395 1262 2457 pendebant,
1281 2409 1336 2441 ut
1356 2397 1506 2442 aliam

143 2480 392 2520 normam,
428 2461 491 2508 ad
515 2477 670 2522 quam
703 2477 914 2522 operam
947 2477 1090 2506 suam
1113 2460 1395 2523 dirigerent,
1417 2462 1502 2507 ha-

142 2528 325 2575 berent
365 2528 602 2586 nullam„
653 2528 916 2587 Quantum
966 2538 1134 2571 tamen
1178 2529 1327 2571 etiam
1372 2529 1501 2571 intra

141 2595 238 2642 hos
272 2593 400 2642 fines
436 2604 670 2641 accurata
700 2592 879 2640 veteris
900 2592 1205 2654 exemplaris
1227 2592 1500 2638 collatione
