1703 2961
239 153 322 194 210
701 148 758 203 Q,
791 146 998 190 CUR'rn
1026 143 1167 186 RUFI

242 264 314 306 nia
346 261 551 319 explevit:
579 274 682 303 acer
711 258 906 307 consilio,
934 272 1070 299 manu
1100 261 1317 302 strenuus,
1344 268 1470 296 carus
1490 251 1607 309 prin-

247 336 426 392 cipibus,
455 333 582 390 vulgo
611 331 801 372 militum
829 329 1066 384 acceptior.
1123 327 1244 368 Haec
1276 325 1530 380 impulerint
1561 323 1607 364 il-
1623 337 1674 366 34

246 408 339 449 lum
364 407 418 448 ad
449 404 568 461 regni
600 403 897 458 cupiditatem,
929 416 983 441 an
1012 407 1187 440 tantum
1217 404 1470 454 suspectum
1497 395 1612 438 fece·

247 479 350 528 rint,
380 477 540 533 ambigi
579 481 736 532 potest,
777 473 875 532 quia
917 472 1107 513 Philotas
1144 470 1306 512 ultimis
1344 468 1611 510 cruciatibus
1673 502 1679 509 .

249 553 388 594 victus
429 563 588 591 verane
639 545 809 592 dixerit,
849 560 961 602 quae
997 544 1113 586 facta
1157 540 1338 599 probari
1368 555 1461 581 non
1490 545 1614 595 pote-

249 631 363 672 rant,
395 637 451 663 an
475 619 591 661 falsis
620 624 950 659 tormentorum
978 615 1155 673 petierit
1180 613 1326 663 finem,
1357 626 1406 654 re
1437 625 1615 668 quoque

250 694 431 743 recenti,
465 706 568 735 cum
598 689 736 746 magis
766 694 914 746 posset
942 688 1121 744 liquere,
1155 686 1404 728 dubitatum
1434 689 1511 724 est.

190 770 243 811 10
336 763 596 811 Alexander,
626 776 736 818 quos
760 760 895 802 libere
914 763 926 784 ¹
963 765 1158 800 mortem
1181 755 1486 799 Parmenionis
1513 769 1614 796 con·
1630 768 1676 798 as

252 846 430 898 questos
454 851 544 879 esse
573 839 865 890 compererat,
897 830 1164 888 separandos
1196 843 1219 870 a
1242 835 1390 870 cetero
1422 825 1612 867 exercitu
1670 862 1672 865 ,

251 919 387 959 ratus,
416 910 462 951 in
492 923 627 950 unam
661 904 895 949 cohortem
926 903 1121 952 secrevit,
1151 901 1398 955 ducemque
1417 897 1485 939 his
1508 898 1617 938 Leo-

253 985 405 1026 nidam
447 981 580 1028 dedit,
621 987 665 1020 et
705 978 850 1034 ipsum
887 973 1168 1018 Parmenioni
1205 970 1433 1029 quondam
1464 969 1616 1011 intima
1676 988 1683 1009 s

254 1053 550 1098 familiaritate
583 1049 887 1092 coniunctum.
919 1048 1029 1089 Fere
1062 1047 1196 1088 iidem
1226 1051 1363 1093 erant,
1387 1056 1498 1098 quos
1517 1041 1619 1082 alio·
1639 1051 1685 1085 36

255 1127 394 1186 quin2
435 1140 510 1166 rex
547 1123 764 1164 habuerat
801 1119 973 1161 invisos.
1043 1119 1160 1160 Nam
1188 1131 1291 1158 cum
1321 1113 1504 1170 experiri
1534 1113 1620 1153 vel-

256 1200 316 1242 let
343 1198 535 1240 militum
574 1195 756 1244 animos,
797 1190 1041 1237 admonuit,
1083 1189 1155 1246 qui
1196 1188 1359 1229 litteras
1398 1187 1443 1227 in
1472 1185 1618 1226 Mace-

257 1272 440 1314 doniam
481 1268 538 1310 ad
575 1281 676 1309 suos
712 1263 973 1321 scripsisset,
1011 1260 1100 1310 his,
1138 1276 1246 1317 quos
1277 1258 1368 1316 ipse
1399 1256 1617 1303 mittebat,

256 1341 489 1400 perlaturis
528 1354 630 1381 cum
675 1336 774 1386 fide,
809 1335 1015 1376 traderet.
1082 1330 1350 1388 Simpliciter
1390 1329 1444 1369 ad
1473 1342 1620 1369 neces-

255 1412 392 1459 sarios
417 1428 519 1456 suos
549 1410 730 1468 quisque
756 1407 999 1463 scripserat,
1031 1419 1143 1461 quae
1159 1402 1391 1444 sentiebat:
1420 1399 1510 1440 aliis
1527 1413 1619 1454 gra-

257 1489 320 1531 vis
351 1494 456 1537 erat,
483 1482 702 1542 plerisque
733 1495 824 1521 non
855 1479 1020 1534 ingrata
1049 1475 1214 1518 militia.
1253 1475 1318 1516 Ita
1339 1479 1383 1514 et
1398 1470 1618 1527 agentium
1632 1473 1692 1527 3⁷.

257 1559 417 1616 gratias
457 1565 501 1599 et
534 1554 813 1614 querentium
849 1551 1019 1592 litterae
1051 1555 1257 1604 exceptae
1286 1551 1399 1587 sunt.
1455 1543 1515 1584 Et
1545 1541 1617 1597 qui
1687 1534 1692 1591 ξ

256 1633 373 1675 forte
403 1630 598 1673 taedium
637 1625 797 1668 laboris
839 1636 919 1680 per
957 1620 1122 1662 litteras
1161 1626 1287 1660 erant
1322 1615 1473 1675 questi,
1505 1614 1619 1655 lianc
1686 1601 1691 1664 ἱ

258 1703 460 1748 seorsus3
497 1700 731 1744 cohortem
762 1712 785 1737 a
813 1693 966 1738 ceteris
985 1692 1164 1734 tendere
1196 1689 1461 1747 ignominiae
1492 1700 1618 1728 causa
1686 1671 1690 1712 l

257 1778 393 1827 iubet,
430 1772 690 1815 fortitudine
732 1783 888 1810 usurus
927 1766 971 1807 in
1009 1764 1143 1814 bello,
1176 1764 1420 1804 libertatem
1448 1759 1618 1814 linguae

259 1851 314 1893 ab
348 1847 527 1891 auribus
567 1842 751 1886 credulis
794 1845 1057 1881 remoturus.
1124 1835 1183 1876 Et
1211 1833 1453 1881 consilium,
1484 1839 1620 1872 teme·
1685 1824 1690 1884 j

257 1922 425 1964 rarium
458 1918 657 1964 forsitan,
701 1913 883 1972 (quippe
916 1908 1143 1952 fortissimi
1183 1907 1359 1948 iuvenes
1390 1911 1621 1946 contume-
1686 1892 1689 1904 ¹

256 1995 323 2036 liis
354 1991 511 2034 irritati
543 1990 700 2039 erant,)
740 1986 851 2027 sicut
879 1983 1029 2025 omnia
1070 1981 1151 2022 alia
1194 1978 1377 2020 felicitas
1408 1976 1521 2032 regis
1552 1993 1619 2018 ex·
1686 2025 1687 2032 ἵ

259 2065 388 2123 cepit.
455 2062 574 2105 Nihil
604 2060 683 2102 illis
715 2058 770 2100 ad
811 2055 920 2098 bella
958 2052 1208 2111 promptius
1245 2050 1341 2091 fuit.
1396 2041 1688 2091 Incitabat38l

256 2139 466 2180 virtutem
503 2141 547 2175 et
586 2129 851 2189 ignominiae
899 2126 1143 2169 demendae
1196 2124 1381 2180 cupido,
1428 2128 1472 2163 et
1517 2120 1616 2178 quia

257 2210 426 2254 fortia‘*
456 2206 575 2248 facta
607 2205 653 2246 in
679 2200 829 2259 paucis
858 2200 990 2241 latere
1021 2212 1113 2238 non
1137 2201 1358 2253 poterant.

1690 1113 1694 1188 ἒ

197 2318 244 2359 11
341 2311 418 2352 Ηὶ5
447 2309 505 2350 ita
536 2304 803 2362 compositis,
842 2299 1098 2348 Alexander,
1137 2298 1404 2339 Arianorum
1444 2302 1615 2350 satrape
1630 2281 1687 2338 ιη’

259 2383 514 2430 constitum,
545 2379 627 2420 iter
653 2375 931 2434 pronuntiari
963 2373 1086 2414 iubet
1112 2370 1155 2410 in
1174 2369 1438 2422 Arimaspos,
1456 2368 1471 2395 ⁵
1509 2381 1620 2423 quos
1651 2404 1658 2412 ,
1682 2392 1683 2396 ,

257 2456 348 2498 iam
378 2461 485 2496 tunc
525 2457 698 2493 mutato
739 2446 919 2490 nomine
961 2446 1198 2500 Euergetas
1239 2440 1530 2499 appellabant,
1569 2454 1619 2480 ex

256 2611 274 2635 1
303 2609 427 2643 abest.
631 2604 651 2629 2
679 2602 840 2649 alioqui.
1007 2598 1026 2629 3
1052 2609 1235 2634 seorsum,
1395 2597 1418 2629 4
1441 2594 1615 2629 fortiora.

344 2663 363 2690 5
397 2659 515 2696 codd.
543 2665 717 2693 armatos.
