1703 2961
452 193 534 237 DE
567 186 779 239 GEsris
805 199 974 242 ALEx.
1008 202 1076 251 ix,
1105 202 1140 243 5.
1393 209 1475 253 307

54 314 105 343 24
199 303 312 346 Hinc
350 304 396 347 in
433 297 617 365 regnum
659 307 855 366 Sophitis
887 307 1159 367 'perventum
1199 323 1275 360 est.
1341 320 1469 371 Gens,

115 380 164 415 ut
192 375 367 417 barbari
405 378 633 428 credunt‚¹
677 381 886 437 sapientia
928 383 1103 434 excellit,
1133 385 1348 445 bonisque
1379 407 1473 431 rno-

52 460 99 487 25
115 445 233 487 ribus
265 447 439 504 regitur.
504 448 687 492 Genitos
716 452 878 494 liberos
908 469 998 496 non
1023 465 1259 511 parentum
1289 461 1470 502 arbitrio

111 518 270 560 tollunt
310 520 527 579 aluntque,
568 523 643 565 sed
681 539 848 575 eorum,
886 526 1043 582 quibus
1079 530 1304 585 spectandi
1332 532 1471 574 infan-

108 590 220 632 tium
260 591 462 633 habitum
499 609 601 635 cura
642 596 849 638 mandata
885 604 961 640 est.
1035 599 1078 640 Si
1127 616 1237 657 quos
1283 603 1468 660 insignes

109 668 185 702 aut
232 662 374 719 aliqua
419 672 543 720 parte
588 667 928 710 membrorum²
967 669 1141 713 inutiles
1189 680 1468 723 notaverunt,

49 733 258 774 26necari
284 734 449 777 iubent.
533 737 708 793 Nuptiis
746 746 909 782 co'e'unt
946 757 1037 783 non
1067 759 1224 800 genere
1264 761 1315 788 ac
1346 748 1470 789 nobi-

106 804 229 846 litate
265 806 540 859 coniuncti‚3
580 810 655 851 sed
700 811 835 854 electa
879 829 1119 871 corporum
1162 817 1326 872 specie,
1366 820 1468 876 quia

28 879 91 916 ‘'27
108 876 264 918 eadem
304 879 559 922 aestimatur
594 881 639 923 in
669 881 828 926 liberis.
900 887 1040 929 Huius
1070 889 1208 946 gentis
1238 890 1466 946 oppidum,

106 947 176 1007 cui
202 948 448 991 Alexander
477 952 734 996 admoverat
763 957 924 1013 copias,
969 959 1063 1000 ab
1052 976 1145 1016 ipso
1176 961 1361 1018 Sophite
1392 965 1469 1005 ob-

103 1019 340 1062 tinebatur.
409 1020 592 1065 Clausae
627 1034 752 1067 erant
787 1037 956 1084 portae,
997 1032 1072 1073 sed
1110 1032 1216 1073 nulli
1254 1033 1299 1074 in
1330 1036 1467 1077 muris

100 1091 380 1149 turribusque
410 1109 454 1135 se
480 1097 636 1138 armati
669 1100 973 1148 ostendebant,
1005 1103 1353 1162 dubitabantque
1372 1107 1467 1148 Ma-

105 1164 307 1214 cedones,
344 1165 667 1209 deseruissent⁴²
702 1171 860 1212 urbem
900 1171 1093 1224 incolae,
1135 1190 1191 1216 an
1225 1175 1382 1219 fraude
1420 1194 1465 1220 se

41 1249 88 1276 πε
109 1236 382 1289 occulerent3
420 1253 536 1287 cum,
576 1241 722 1282 subito
760 1243 979 1299 patefacta
1026 1253 1176 1300 porta,
1218 1261 1292 1289 rex
1330 1250 1466 1292 Indus

104 1323 207 1356 cum
239 1307 411 1350 duobus
435 1310 592 1353 adultis
620 1311 714 1354 filiis
731 1315 936 1366 occurrit,
963 1317 1152 1358 multum
1170 1319 1285 1361 inter
1312 1335 1466 1364 omnes

43 1397 90 1428 29
105 1378 318 1420 barbaros
365 1381 562 1424 eminens
603 1386 801 1441 corporis
836 1387 994 1443 specie.
1052 1389 1196 1432 Vestis
1234 1401 1328 1434 erat
1357 1409 1464 1436 auro

100 1465 383 1508 purpuraque
421 1453 639 1504 distincta,
677 1473 788 1514 quae
831 1459 965 1500 etiam
1007 1476 1134 1503 crura
1167 1464 1358 1515 velabat3
1393 1483 1467 1508 au-

100 1523 183 1565 reis
208 1523 334 1565 soleis
362 1524 605 1570 inseruerat
639 1544 858 1586 gemmas3
888 1531 1040 1574 lacerti
1084 1549 1261 1592 quoque
1296 1545 1340 1578 et
1368 1539 1466 1580 bra-

37 1594 197 1640 sochia
234 1597 478 1652 margaritis
519 1608 675 1642 ornata
711 1610 848 1643 erant.
915 1604 1175 1648 Pendebant
1202 1624 1252 1650 ex
1282 1611 1460 1653 auribus

99 1666 288 1723 insignes
320 1669 512 1711 candore
542 1679 586 1713 et
608 1674 911 1729 magnitudine
940 1675 1088 1733 lapilli.
1140 1680 1356 1722 Baculum
1388 1698 1462 1724 au-

101 1753 229 1779 reum
275 1739 427 1797 berylli
485 1742 828 1802 distinguebant:
881 1763 969 1804 quo
1028 1750 1190 1792 tradito
1241 1761 1459 1809 precatus,

98 1817 148 1851 ut
185 1826 333 1867 sospes
380 1813 621 1870 acciperet,
667 1831 712 1858 se
749 1818 998 1876 liberosque
1039 1829 1083 1863 et
1119 1831 1296 1879 gentem
1334 1841 1459 1868 suam

99 1882 277 1924 dedidit.

95 2025 255 2067 latratu
285 2026 502 2072 abstinere
533 2031 753 2083 dicuntur,
788 2050 891 2076 cum
917 2035 1156 2079 viderunt⁵
1188 2039 1344 2089 feram,
1370 2042 1457 2085 leo-

37 2116 83 2145 32
96 2098 225 2139 nibus
254 2099 444 2141 maxime
473 2101 630 2146 infesti.
685 2105 860 2148 Horum
886 2107 975 2149 vim
1002 2116 1052 2150 ut
1075 2112 1327 2155 ostenderet
1357 2115 1454 2157 Ale-

90 2170 271 2220 xandro,
312 2170 356 2213 in
401 2181 643 2230 conspectu
687 2176 862 2220 leonem
913 2180 1094 2222 eximiae
1141 2186 1451 2242 magnitudinis

90 2241 213 2283 iussit
239 2243 394 2294 emitti,
429 2253 472 2287 et
508 2259 554 2287 1v
590 2249 773 2290 omnino
814 2251 1038 2293 admoveri
1070 2269 1210 2306 canes,
1242 2257 1315 2313 qui
1345 2259 1453 2300 cele-

91 2312 198 2354 riter
224 2314 365 2356 feram
398 2329 736 2375 occupaverunt.
751 2322 774 2346 ⁶
829 2325 982 2365 '1um⁷
1024 2341 1074 2366 ex
1104 2325 1181 2377 his,
1211 2329 1285 2385 qui
1313 2345 1451 2373 assue

90 2393 244 2427 verant
279 2387 436 2430 talibus
475 2391 747 2443 ministeriis,
785 2410 896 2436 unus
931 2397 1050 2439 canis
1078 2397 1194 2440 leoni
1227 2416 1330 2442 cum
1361 2403 1451 2445 aliis

91 2454 358 2501 inhaerentis
388 2475 486 2504 crus
517 2464 711 2516 avellere,
735 2473 790 2518 et,
821 2468 923 2525 quia
942 2484 1035 2511 non
1059 2472 1335 2528 sequebatur,
1365 2474 1450 2516 fer-

93 2630 111 2656 1
136 2631 258 2667 abest.
323 2635 343 2660 2
367 2639 623 2674 membrorum
647 2646 767 2687 parte.
821 2643 841 2672 3
866 2640 915 2678 de
941 2647 1189 2681 conieceura:
1214 2649 1444 2684 coniunctis.

179 2688 201 2719 4
216 2687 530 2728 deseruissemne.
572 2702 591 2724 ³
611 2696 751 2731 videre.
791 2697 811 2723 6
829 2708 1114 2744 occupaverunt
1137 2701 1266 2736 seram.
1312 2705 1328 2731 7
1346 2717 1430 2738 cum

1082 2763 1123 2803 {7
1151 2768 1173 2802 2

1506 325 1531 365 (a

0 1941 7 1964 ²
37 1971 82 2000 31
176 1953 359 1997 Nobiles
397 1956 454 1998 ad
492 1959 744 2001 venandum
781 1977 910 2005 canes
946 1963 992 2004 in
1033 1980 1082 2006 ea
1115 1967 1292 2024 regione
1331 1977 1450 2011 sunt:
1493 1973 1519 2013 6
