<?xml version="1.0" encoding="UTF-8"?>
<!DOCTYPE html PUBLIC "-//W3C//DTD XHTML 1.0 Transitional//EN"
    "http://www.w3.org/TR/xhtml1/DTD/xhtml1-transitional.dtd">
<html xmlns="http://www.w3.org/1999/xhtml" xml:lang="en" lang="en">
 <head>
  <title>
</title>
<meta http-equiv="Content-Type" content="text/html;charset=utf-8" />
  <meta name='ocr-system' content='tesseract 3.04.00' />
  <meta name='ocr-capabilities' content='ocr_page ocr_carea ocr_par ocr_line ocrx_word'/>
</head>
<body>
  <div class='ocr_page' id='page_1' title='image "./degestisalexandr00curtuoft_0243.png"; bbox 0 0 1703 2961; ppageno 0'>
   <div class='ocr_carea' id='block_1_1' title="bbox 384 123 1427 184">
    <p class='ocr_par' dir='ltr' id='par_1_1' title="bbox 384 123 1427 184">
     <span class='ocr_line' id='line_1_1' title="bbox 384 123 1427 184; baseline -0.006 -5"><span class='ocrx_word' id='word_1_1' title='bbox 384 136 466 179; x_wconf 88' lang='lat' dir='ltr'><strong>DE</strong></span> <span class='ocrx_word' id='word_1_2' title='bbox 508 133 722 179; x_wconf 82' lang='lat' dir='ltr'><strong>GESTIS</strong></span> <span class='ocrx_word' id='word_1_3' title='bbox 752 123 918 178; x_wconf 75' lang='lat' dir='ltr'><strong>ALEX.</strong></span> <span class='ocrx_word' id='word_1_4' title='bbox 947 135 1022 184; x_wconf 76' lang='lat' dir='ltr'><strong>w,</strong></span> <span class='ocrx_word' id='word_1_5' title='bbox 1054 135 1123 180; x_wconf 80' lang='lat'><strong>30.</strong></span> <span class='ocrx_word' id='word_1_6' title='bbox 1352 134 1427 174; x_wconf 79' lang='lat'><strong>181</strong></span> 
     </span>
    </p>
   </div>
   <div class='ocr_carea' id='block_1_2' title="bbox 13 246 1499 807">
    <p class='ocr_par' dir='ltr' id='par_1_2' title="bbox 14 246 1499 593">
     <span class='ocr_line' id='line_1_2' title="bbox 14 246 1499 304; baseline -0.002 -12"><span class='ocrx_word' id='word_1_7' title='bbox 14 267 61 292; x_wconf 77' lang='lat' dir='ltr'><strong>xo</strong></span> <span class='ocrx_word' id='word_1_8' title='bbox 154 250 273 291; x_wconf 84' lang='lat' dir='ltr'><strong>Haec</strong></span> <span class='ocrx_word' id='word_1_9' title='bbox 303 247 529 291; x_wconf 84' lang='lat' dir='ltr'><strong>Craterus.</strong></span> <span class='ocrx_word' id='word_1_10' title='bbox 589 247 684 289; x_wconf 89' lang='lat' dir='ltr'><strong>Nec</strong></span> <span class='ocrx_word' id='word_1_11' title='bbox 718 247 850 289; x_wconf 87' lang='lat' dir='ltr'><strong>ceteri</strong></span> <span class='ocrx_word' id='word_1_12' title='bbox 890 246 1164 296; x_wconf 77' lang='lat' dir='ltr'><strong>dubitabant,</strong></span> <span class='ocrx_word' id='word_1_13' title='bbox 1194 247 1300 304; x_wconf 88' lang='lat' dir='ltr'><strong>quin</strong></span> <span class='ocrx_word' id='word_1_14' title='bbox 1328 247 1499 290; x_wconf 82' lang='lat' dir='ltr'><strong>con-30</strong></span> 
     </span>
     <span class='ocr_line' id='line_1_3' title="bbox 75 317 1434 374; baseline -0.003 -10"><span class='ocrx_word' id='word_1_15' title='bbox 75 319 298 364; x_wconf 86' lang='lat' dir='ltr'><strong>iurationis</strong></span> <span class='ocrx_word' id='word_1_16' title='bbox 333 319 543 361; x_wconf 88' lang='lat' dir='ltr'><strong>indicium</strong></span> <span class='ocrx_word' id='word_1_17' title='bbox 582 332 890 374; x_wconf 84' lang='lat' dir='ltr'><strong>suppressurus</strong></span> <span class='ocrx_word' id='word_1_18' title='bbox 927 335 1019 360; x_wconf 90' lang='lat' dir='ltr'><strong>non</strong></span> <span class='ocrx_word' id='word_1_19' title='bbox 1048 317 1218 369; x_wconf 87' lang='lat' dir='ltr'><strong>fuisset,</strong></span> <span class='ocrx_word' id='word_1_20' title='bbox 1250 319 1329 360; x_wconf 92' lang='lat' dir='ltr'><strong>nisi</strong></span> <span class='ocrx_word' id='word_1_21' title='bbox 1360 334 1434 361; x_wconf 91' lang='lat' dir='ltr'><strong>au-</strong></span> 
     </span>
     <span class='ocr_line' id='line_1_4' title="bbox 74 388 1432 447; baseline -0.003 -11"><span class='ocrx_word' id='word_1_22' title='bbox 74 401 170 436; x_wconf 89' lang='lat' dir='ltr'><strong>ctor</strong></span> <span class='ocrx_word' id='word_1_23' title='bbox 198 398 274 432; x_wconf 86' lang='lat' dir='ltr'><strong>aut</strong></span> <span class='ocrx_word' id='word_1_24' title='bbox 317 391 549 447; x_wconf 76' lang='lat' dir='ltr'><strong>particeps.</strong></span> <span class='ocrx_word' id='word_1_25' title='bbox 611 388 758 444; x_wconf 81' lang='lat' dir='ltr'><strong>Quem</strong></span> <span class='ocrx_word' id='word_1_26' title='bbox 790 389 907 430; x_wconf 87' lang='lat' dir='ltr'><strong>enim</strong></span> <span class='ocrx_word' id='word_1_27' title='bbox 938 390 1061 445; x_wconf 91' lang='lat' dir='ltr'><strong>pium</strong></span> <span class='ocrx_word' id='word_1_28' title='bbox 1083 398 1126 432; x_wconf 88' lang='lat' dir='ltr'><strong>et</strong></span> <span class='ocrx_word' id='word_1_29' title='bbox 1145 391 1286 432; x_wconf 87' lang='lat' dir='ltr'><strong>bonae</strong></span> <span class='ocrx_word' id='word_1_30' title='bbox 1310 405 1432 432; x_wconf 86' lang='lat' dir='ltr'><strong>men-</strong></span> 
     </span>
     <span class='ocr_line' id='line_1_5' title="bbox 71 460 1431 541; baseline -0.003 -35"><span class='ocrx_word' id='word_1_31' title='bbox 71 464 135 513; x_wconf 90' lang='lat' dir='ltr'><strong>tis,</strong></span> <span class='ocrx_word' id='word_1_32' title='bbox 166 478 257 504; x_wconf 89' lang='lat' dir='ltr'><strong>non</strong></span> <span class='ocrx_word' id='word_1_33' title='bbox 293 461 484 503; x_wconf 77' lang='lat' dir='ltr'><strong>amicum</strong></span> <span class='ocrx_word' id='word_1_34' title='bbox 525 461 674 511; x_wconf 87' lang='lat' dir='ltr'><strong>modo,</strong></span> <span class='ocrx_word' id='word_1_35' title='bbox 713 460 788 502; x_wconf 93' lang='lat' dir='ltr'><strong>sed</strong></span> <span class='ocrx_word' id='word_1_36' title='bbox 823 476 872 502; x_wconf 88' lang='lat' dir='ltr'><strong>ex</strong></span> <span class='ocrx_word' id='word_1_37' title='bbox 910 461 1062 503; x_wconf 88' lang='lat' dir='ltr'><strong>ultima</strong></span> <span class='ocrx_word' id='word_1_38' title='bbox 1104 461 1243 518; x_wconf 88' lang='lat' dir='ltr'><strong>plebe,</strong></span> <span class='ocrx_word' id='word_1_39' title='bbox 1275 461 1431 541; x_wconf 66' lang='lat' dir='ltr'><strong>aluditis</strong></span> 
     </span>
     <span class='ocr_line' id='line_1_6' title="bbox 72 532 1429 593; baseline -0.001 -18"><span class='ocrx_word' id='word_1_40' title='bbox 72 550 182 593; x_wconf 86' lang='lat' dir='ltr'><strong>quae</strong></span> <span class='ocrx_word' id='word_1_41' title='bbox 222 534 275 574; x_wconf 87' lang='lat' dir='ltr'><strong>ad</strong></span> <span class='ocrx_word' id='word_1_42' title='bbox 317 549 417 574; x_wconf 83' lang='lat' dir='ltr'><strong>eum</strong></span> <span class='ocrx_word' id='word_1_43' title='bbox 459 532 599 573; x_wconf 87' lang='lat' dir='ltr'><strong>delata</strong></span> <span class='ocrx_word' id='word_1_44' title='bbox 641 540 788 582; x_wconf 88' lang='lat' dir='ltr'><strong>erant,</strong></span> <span class='ocrx_word' id='word_1_45' title='bbox 831 549 922 575; x_wconf 90' lang='lat' dir='ltr'><strong>non</strong></span> <span class='ocrx_word' id='word_1_46' title='bbox 960 534 1160 590; x_wconf 85' lang='lat' dir='ltr'><strong>protinus</strong></span> <span class='ocrx_word' id='word_1_47' title='bbox 1197 533 1252 574; x_wconf 88' lang='lat' dir='ltr'><strong>ad</strong></span> <span class='ocrx_word' id='word_1_48' title='bbox 1279 547 1429 590; x_wconf 77' lang='lat' dir='ltr'><strong>regem</strong></span> 
     </span>
    </p>

    <p class='ocr_par' dir='ltr' id='par_1_3' title="bbox 13 603 1428 807">
     <span class='ocr_line' id='line_1_7' title="bbox 13 603 1428 662; baseline -0.003 -13"><span class='ocrx_word' id='word_1_49' title='bbox 13 606 195 649; x_wconf 83' lang='lat' dir='ltr'><strong>nsuisse</strong></span> <span class='ocrx_word' id='word_1_50' title='bbox 235 606 493 656; x_wconf 85' lang='lat' dir='ltr'><strong>cursurum?</strong></span> <span class='ocrx_word' id='word_1_51' title='bbox 533 620 587 644; x_wconf 88' lang='lat' dir='ltr'><strong>nc</strong></span> <span class='ocrx_word' id='word_1_52' title='bbox 627 603 833 646; x_wconf 71' lang='lat' dir='ltr'><strong>Cebalini*</strong></span> <span class='ocrx_word' id='word_1_53' title='bbox 870 605 1047 662; x_wconf 88' lang='lat' dir='ltr'><strong>quidem</strong></span> <span class='ocrx_word' id='word_1_54' title='bbox 1087 604 1308 661; x_wconf 88' lang='lat' dir='ltr'><strong>exemplo,</strong></span> <span class='ocrx_word' id='word_1_55' title='bbox 1354 604 1428 662; x_wconf 92' lang='lat' dir='ltr'><strong>qui</strong></span> 
     </span>
     <span class='ocr_line' id='line_1_8' title="bbox 71 675 1426 732; baseline -0.003 -12"><span class='ocrx_word' id='word_1_56' title='bbox 71 694 120 720; x_wconf 89' lang='lat' dir='ltr'><strong>ex</strong></span> <span class='ocrx_word' id='word_1_57' title='bbox 149 676 284 718; x_wconf 81' lang='lat' dir='ltr'><strong>fratre</strong></span> <span class='ocrx_word' id='word_1_58' title='bbox 317 683 542 732; x_wconf 84' lang='lat' dir='ltr'><strong>comperta</strong></span> <span class='ocrx_word' id='word_1_59' title='bbox 567 675 645 732; x_wconf 90' lang='lat' dir='ltr'><strong>ipsi</strong></span> <span class='ocrx_word' id='word_1_60' title='bbox 667 677 918 728; x_wconf 80' lang='lat' dir='ltr'><strong>nuntiasset,</strong></span> <span class='ocrx_word' id='word_1_61' title='bbox 957 677 1260 719; x_wconf 82' lang='lat' dir='ltr'><strong>Parmenionis</strong></span> <span class='ocrx_word' id='word_1_62' title='bbox 1277 675 1426 726; x_wconf 85' lang='lat' dir='ltr'><strong>filium,</strong></span> 
     </span>
     <span class='ocr_line' id='line_1_9' title="bbox 68 748 1427 807; baseline -0.001 -16"><span class='ocrx_word' id='word_1_63' title='bbox 68 749 341 807; x_wconf 83' lang='lat' dir='ltr'><strong>praefectum</strong></span> <span class='ocrx_word' id='word_1_64' title='bbox 374 748 606 804; x_wconf 77' lang='lat' dir='ltr'><strong>equitatus,</strong></span> <span class='ocrx_word' id='word_1_65' title='bbox 648 749 849 790; x_wconf 90' lang='lat' dir='ltr'><strong>omnium</strong></span> <span class='ocrx_word' id='word_1_66' title='bbox 880 765 1145 792; x_wconf 88' lang='lat' dir='ltr'><strong>arcanorum</strong></span> <span class='ocrx_word' id='word_1_67' title='bbox 1175 749 1286 805; x_wconf 79' lang='lat' dir='ltr'><strong>regis</strong></span> <span class='ocrx_word' id='word_1_68' title='bbox 1315 748 1427 790; x_wconf 85' lang='lat' dir='ltr'><strong>arbi-</strong></span> 
     </span>
    </p>
   </div>
   <div class='ocr_carea' id='block_1_3' title="bbox 0 444 2 484">
    <p class='ocr_par' dir='ltr' id='par_1_4' title="bbox 0 444 2 484">
     <span class='ocr_line' id='line_1_10' title="bbox 0 444 2 484; baseline 0 0"><span class='ocrx_word' id='word_1_69' title='bbox 0 444 2 484; x_wconf 65' lang='grc' dir='ltr'><em>ἶ</em></span> 
     </span>
    </p>
   </div>
   <div class='ocr_carea' id='block_1_4' title="bbox 10 819 1514 2457">
    <p class='ocr_par' dir='ltr' id='par_1_5' title="bbox 10 819 1514 2457">
     <span class='ocr_line' id='line_1_11' title="bbox 68 819 1427 871; baseline -0.001 -8"><span class='ocrx_word' id='word_1_70' title='bbox 68 823 213 864; x_wconf 82' lang='lat' dir='ltr'><strong>trum?</strong></span> <span class='ocrx_word' id='word_1_71' title='bbox 253 819 474 862; x_wconf 77' lang='lat' dir='ltr'><strong>simulasse</strong></span> <span class='ocrx_word' id='word_1_72' title='bbox 512 820 655 871; x_wconf 84' lang='lat' dir='ltr'><strong>etiarn,</strong></span> <span class='ocrx_word' id='word_1_73' title='bbox 695 836 787 862; x_wconf 91' lang='lat' dir='ltr'><strong>non</strong></span> <span class='ocrx_word' id='word_1_74' title='bbox 819 836 991 863; x_wconf 87' lang='lat' dir='ltr'><strong>vacasse</strong></span> <span class='ocrx_word' id='word_1_75' title='bbox 1029 821 1221 863; x_wconf 81' lang='lat' dir='ltr'><strong>sermoni</strong></span> <span class='ocrx_word' id='word_1_76' title='bbox 1254 835 1332 862; x_wconf 91' lang='lat' dir='ltr'><strong>suo</strong></span> <span class='ocrx_word' id='word_1_77' title='bbox 1362 835 1427 861; x_wconf 90' lang='lat' dir='ltr'><strong>re-</strong></span> 
     </span>
     <span class='ocr_line' id='line_1_12' title="bbox 10 891 1426 951; baseline 0 -17"><span class='ocrx_word' id='word_1_78' title='bbox 10 909 183 950; x_wconf 71' lang='lat' dir='ltr'><strong>mgem,</strong></span> <span class='ocrx_word' id='word_1_79' title='bbox 219 908 273 933; x_wconf 89' lang='lat' dir='ltr'><strong>ne</strong></span> <span class='ocrx_word' id='word_1_80' title='bbox 312 891 438 932; x_wconf 83' lang='lat' dir='ltr'><strong>index</strong></span> <span class='ocrx_word' id='word_1_81' title='bbox 473 891 605 937; x_wconf 80' lang='lat' dir='ltr'><strong>alium</strong></span> <span class='ocrx_word' id='word_1_82' title='bbox 643 893 965 934; x_wconf 85' lang='lat' dir='ltr'><strong>internuntium</strong></span> <span class='ocrx_word' id='word_1_83' title='bbox 996 899 1236 951; x_wconf 78' lang='lat' dir='ltr'><strong>quaereret.</strong></span> <span class='ocrx_word' id='word_1_84' title='bbox 1293 891 1426 934; x_wconf 85' lang='lat' dir='ltr'><strong>Nico-</strong></span> 
     </span>
     <span class='ocr_line' id='line_1_13' title="bbox 64 963 1427 1022; baseline -0.003 -14"><span class='ocrx_word' id='word_1_85' title='bbox 64 965 287 1014; x_wconf 84' lang='lat' dir='ltr'><strong>machum,</strong></span> <span class='ocrx_word' id='word_1_86' title='bbox 319 963 526 1019; x_wconf 73' lang='lat' dir='ltr'><strong>religione</strong></span> <span class='ocrx_word' id='word_1_87' title='bbox 555 979 731 1022; x_wconf 86' lang='lat' dir='ltr'><strong>quoque</strong></span> <span class='ocrx_word' id='word_1_88' title='bbox 767 965 899 1007; x_wconf 89' lang='lat' dir='ltr'><strong>deum</strong></span> <span class='ocrx_word' id='word_1_89' title='bbox 929 965 1168 1015; x_wconf 84' lang='lat' dir='ltr'><strong>astrictum,</strong></span> <span class='ocrx_word' id='word_1_90' title='bbox 1203 963 1427 1007; x_wconf 80' lang='lat' dir='ltr'><strong>conscien-</strong></span> 
     </span>
     <span class='ocr_line' id='line_1_14' title="bbox 62 1036 1423 1093; baseline -0.004 -13"><span class='ocrx_word' id='word_1_91' title='bbox 62 1038 171 1080; x_wconf 84' lang='lat' dir='ltr'><strong>tiam</strong></span> <span class='ocrx_word' id='word_1_92' title='bbox 197 1051 318 1078; x_wconf 87' lang='lat' dir='ltr'><strong>suam</strong></span> <span class='ocrx_word' id='word_1_93' title='bbox 349 1049 583 1076; x_wconf 80' lang='lat' dir='ltr'><strong>exonerare</strong></span> <span class='ocrx_word' id='word_1_94' title='bbox 601 1051 881 1093; x_wconf 81' lang='lat' dir='ltr'><strong>properasse:</strong></span> <span class='ocrx_word' id='word_1_95' title='bbox 903 1036 1134 1088; x_wconf 87' lang='lat' dir='ltr'><strong>Philotam,</strong></span> <span class='ocrx_word' id='word_1_96' title='bbox 1157 1042 1423 1091; x_wconf 88' lang='lat' dir='ltr'><strong>consumpto</strong></span> 
     </span>
     <span class='ocr_line' id='line_1_15' title="bbox 64 1107 1422 1167; baseline -0.002 -16"><span class='ocrx_word' id='word_1_97' title='bbox 64 1125 144 1167; x_wconf 86' lang='lat' dir='ltr'><strong>per</strong></span> <span class='ocrx_word' id='word_1_98' title='bbox 180 1109 335 1150; x_wconf 89' lang='lat' dir='ltr'><strong>ludum</strong></span> <span class='ocrx_word' id='word_1_99' title='bbox 372 1107 607 1164; x_wconf 86' lang='lat' dir='ltr'><strong>iocumque</strong></span> <span class='ocrx_word' id='word_1_100' title='bbox 637 1123 776 1167; x_wconf 74' lang='lat' dir='ltr'><strong>paene</strong></span> <span class='ocrx_word' id='word_1_101' title='bbox 808 1115 903 1150; x_wconf 86' lang='lat' dir='ltr'><strong>toto</strong></span> <span class='ocrx_word' id='word_1_102' title='bbox 947 1108 1039 1157; x_wconf 88' lang='lat' dir='ltr'><strong>die,</strong></span> <span class='ocrx_word' id='word_1_103' title='bbox 1071 1115 1299 1164; x_wconf 75' lang='lat' dir='ltr'><strong>gravatum</strong></span> <span class='ocrx_word' id='word_1_104' title='bbox 1332 1122 1422 1149; x_wconf 89' lang='lat' dir='ltr'><strong>esse</strong></span> 
     </span>
     <span class='ocr_line' id='line_1_16' title="bbox 64 1179 1420 1239; baseline -0.003 -15"><span class='ocrx_word' id='word_1_105' title='bbox 64 1198 202 1239; x_wconf 87' lang='lat' dir='ltr'><strong>pauca</strong></span> <span class='ocrx_word' id='word_1_106' title='bbox 241 1180 394 1228; x_wconf 84' lang='lat' dir='ltr'><strong>verba,</strong></span> <span class='ocrx_word' id='word_1_107' title='bbox 431 1179 694 1235; x_wconf 80' lang='lat' dir='ltr'><strong>pertinentia</strong></span> <span class='ocrx_word' id='word_1_108' title='bbox 735 1180 789 1221; x_wconf 85' lang='lat' dir='ltr'><strong>ad</strong></span> <span class='ocrx_word' id='word_1_109' title='bbox 819 1187 952 1236; x_wconf 86' lang='lat' dir='ltr'><strong>caput</strong></span> <span class='ocrx_word' id='word_1_110' title='bbox 980 1180 1134 1235; x_wconf 75' lang='lat' dir='ltr'><strong>regis,¹</strong></span> <span class='ocrx_word' id='word_1_111' title='bbox 1169 1187 1260 1222; x_wconf 86' lang='lat' dir='ltr'><strong>tam</strong></span> <span class='ocrx_word' id='word_1_112' title='bbox 1289 1180 1420 1236; x_wconf 79' lang='lat' dir='ltr'><strong>longo</strong></span> 
     </span>
     <span class='ocr_line' id='line_1_17' title="bbox 13 1251 1418 1307; baseline -0.004 -9"><span class='ocrx_word' id='word_1_113' title='bbox 13 1267 52 1297; x_wconf 83' lang='lat'><strong>13</strong></span> <span class='ocrx_word' id='word_1_114' title='bbox 69 1262 111 1298; x_wconf 91' lang='lat' dir='ltr'><strong>et</strong></span> <span class='ocrx_word' id='word_1_115' title='bbox 140 1254 322 1296; x_wconf 82' lang='lat' dir='ltr'><strong>forsitan</strong></span> <span class='ocrx_word' id='word_1_116' title='bbox 343 1266 612 1307; x_wconf 84' lang='lat' dir='ltr'><strong>supervacuo</strong></span> <span class='ocrx_word' id='word_1_117' title='bbox 642 1252 830 1294; x_wconf 79' lang='lat' dir='ltr'><strong>inserere</strong></span> <span class='ocrx_word' id='word_1_118' title='bbox 860 1251 1064 1293; x_wconf 79' lang='lat' dir='ltr'><strong>sermoni.</strong></span> <span class='ocrx_word' id='word_1_119' title='bbox 1110 1252 1170 1293; x_wconf 73' lang='lat' dir='ltr'><strong>At</strong></span> <span class='ocrx_word' id='word_1_120' title='bbox 1201 1251 1318 1292; x_wconf 82' lang='lat' dir='ltr'><strong>enim</strong></span> <span class='ocrx_word' id='word_1_121' title='bbox 1339 1253 1418 1292; x_wconf 86' lang='lat' dir='ltr'><strong>se²</strong></span> 
     </span>
     <span class='ocr_line' id='line_1_18' title="bbox 63 1322 1422 1380; baseline -0.004 -11"><span class='ocrx_word' id='word_1_122' title='bbox 63 1343 155 1369; x_wconf 89' lang='lat' dir='ltr'><strong>non</strong></span> <span class='ocrx_word' id='word_1_123' title='bbox 196 1323 426 1367; x_wconf 80' lang='lat' dir='ltr'><strong>credidisse</strong></span> <span class='ocrx_word' id='word_1_124' title='bbox 462 1323 562 1364; x_wconf 85' lang='lat' dir='ltr'><strong>talia</strong></span> <span class='ocrx_word' id='word_1_125' title='bbox 604 1323 900 1365; x_wconf 81' lang='lat' dir='ltr'><strong>deferentibus</strong></span> <span class='ocrx_word' id='word_1_126' title='bbox 948 1323 1113 1380; x_wconf 85' lang='lat' dir='ltr'><strong>pueris!</strong></span> <span class='ocrx_word' id='word_1_127' title='bbox 1167 1322 1260 1365; x_wconf 84' lang='lat' dir='ltr'><strong>Cur</strong></span> <span class='ocrx_word' id='word_1_128' title='bbox 1291 1323 1422 1380; x_wconf 75' lang='lat' dir='ltr'><strong>igitur</strong></span> 
     </span>
     <span class='ocr_line' id='line_1_19' title="bbox 67 1394 1422 1455; baseline -0.004 -15"><span class='ocrx_word' id='word_1_129' title='bbox 67 1397 312 1440; x_wconf 75' lang='lat' dir='ltr'><strong>extraxisset</strong></span> <span class='ocrx_word' id='word_1_130' title='bbox 350 1394 554 1444; x_wconf 87' lang='lat' dir='ltr'><strong>biduum,</strong></span> <span class='ocrx_word' id='word_1_131' title='bbox 595 1402 808 1452; x_wconf 79' lang='lat' dir='ltr'><strong>tanquam</strong></span> <span class='ocrx_word' id='word_1_132' title='bbox 846 1395 1007 1437; x_wconf 90' lang='lat' dir='ltr'><strong>indicio</strong></span> <span class='ocrx_word' id='word_1_133' title='bbox 1045 1395 1230 1437; x_wconf 87' lang='lat' dir='ltr'><strong>haberet</strong></span> <span class='ocrx_word' id='word_1_134' title='bbox 1261 1394 1422 1455; x_wconf 82' lang='lat' dir='ltr'><strong>fidem?</strong></span> 
     </span>
     <span class='ocr_line' id='line_1_20' title="bbox 64 1457 1420 1518; baseline -0.001 -8"><span class='ocrx_word' id='word_1_135' title='bbox 64 1467 375 1511; x_wconf 81' lang='lat' dir='ltr'><strong>dimittendum</strong></span> <span class='ocrx_word' id='word_1_136' title='bbox 393 1464 522 1507; x_wconf 71' lang='lat' dir='ltr'><strong>Fuisse</strong></span> <span class='ocrx_word' id='word_1_137' title='bbox 551 1464 825 1518; x_wconf 80' lang='lat' dir='ltr'><strong>Cebalinum,</strong></span> <span class='ocrx_word' id='word_1_138' title='bbox 865 1468 897 1509; x_wconf 90' lang='lat' dir='ltr'><strong>si</strong></span> <span class='ocrx_word' id='word_1_139' title='bbox 922 1457 1189 1509; x_wconf 81' lang='lat' dir='ltr'><strong>delationem</strong></span> <span class='ocrx_word' id='word_1_140' title='bbox 1218 1467 1308 1508; x_wconf 85' lang='lat' dir='ltr'><strong>eius</strong></span> <span class='ocrx_word' id='word_1_141' title='bbox 1347 1468 1420 1508; x_wconf 84' lang='lat' dir='ltr'><strong>da-</strong></span> 
     </span>
     <span class='ocr_line' id='line_1_21' title="bbox 26 1539 1420 1595; baseline -0.001 -13"><span class='ocrx_word' id='word_1_142' title='bbox 26 1541 253 1582; x_wconf 80' lang='lat' dir='ltr'><strong>41nnabat.</strong></span> <span class='ocrx_word' id='word_1_143' title='bbox 297 1540 348 1579; x_wconf 90' lang='lat' dir='ltr'><strong>In</strong></span> <span class='ocrx_word' id='word_1_144' title='bbox 373 1552 451 1578; x_wconf 89' lang='lat' dir='ltr'><strong>suo</strong></span> <span class='ocrx_word' id='word_1_145' title='bbox 490 1553 709 1594; x_wconf 84' lang='lat' dir='ltr'><strong>quemque</strong></span> <span class='ocrx_word' id='word_1_146' title='bbox 738 1539 932 1595; x_wconf 86' lang='lat' dir='ltr'><strong>periculo</strong></span> <span class='ocrx_word' id='word_1_147' title='bbox 971 1554 1180 1595; x_wconf 78' lang='lat' dir='ltr'><strong>magnum</strong></span> <span class='ocrx_word' id='word_1_148' title='bbox 1221 1539 1420 1580; x_wconf 86' lang='lat' dir='ltr'><strong>animum</strong></span> 
     </span>
     <span class='ocr_line' id='line_1_22' title="bbox 38 1609 1420 1666; baseline 0.001 -14"><span class='ocrx_word' id='word_1_149' title='bbox 38 1611 238 1659; x_wconf 58' lang='lat' dir='ltr'><strong>habore,</strong></span> <span class='ocrx_word' id='word_1_150' title='bbox 276 1624 377 1651; x_wconf 90' lang='lat' dir='ltr'><strong>cum</strong></span> <span class='ocrx_word' id='word_1_151' title='bbox 415 1609 470 1650; x_wconf 90' lang='lat' dir='ltr'><strong>de</strong></span> <span class='ocrx_word' id='word_1_152' title='bbox 512 1609 647 1650; x_wconf 88' lang='lat' dir='ltr'><strong>salute</strong></span> <span class='ocrx_word' id='word_1_153' title='bbox 687 1611 798 1666; x_wconf 75' lang='lat' dir='ltr'><strong>regis</strong></span> <span class='ocrx_word' id='word_1_154' title='bbox 826 1611 1066 1660; x_wconf 85' lang='lat' dir='ltr'><strong>timeretur,</strong></span> <span class='ocrx_word' id='word_1_155' title='bbox 1101 1610 1300 1652; x_wconf 82' lang='lat' dir='ltr'><strong>credulos</strong></span> <span class='ocrx_word' id='word_1_156' title='bbox 1330 1626 1420 1652; x_wconf 89' lang='lat' dir='ltr'><strong>esse</strong></span> 
     </span>
     <span class='ocr_line' id='line_1_23' title="bbox 29 1680 1420 1737; baseline 0.001 -13"><span class='ocrx_word' id='word_1_157' title='bbox 29 1682 236 1728; x_wconf 83' lang='lat' dir='ltr'><strong>sdebere,</strong></span> <span class='ocrx_word' id='word_1_158' title='bbox 271 1695 382 1721; x_wconf 88' lang='lat' dir='ltr'><strong>vana</strong></span> <span class='ocrx_word' id='word_1_159' title='bbox 427 1695 604 1737; x_wconf 88' lang='lat' dir='ltr'><strong>quoque</strong></span> <span class='ocrx_word' id='word_1_160' title='bbox 655 1680 898 1724; x_wconf 88' lang='lat' dir='ltr'><strong>deferentes</strong></span> <span class='ocrx_word' id='word_1_161' title='bbox 937 1682 1181 1724; x_wconf 84' lang='lat' dir='ltr'><strong>admittere.</strong></span> <span class='ocrx_word' id='word_1_162' title='bbox 1249 1683 1420 1725; x_wconf 89' lang='lat' dir='ltr'><strong>Omnes</strong></span> 
     </span>
     <span class='ocr_line' id='line_1_24' title="bbox 62 1751 1419 1810; baseline 0.001 -15"><span class='ocrx_word' id='word_1_163' title='bbox 62 1753 191 1810; x_wconf 77' lang='lat' dir='ltr'><strong>igitur</strong></span> <span class='ocrx_word' id='word_1_164' title='bbox 226 1751 527 1808; x_wconf 86' lang='lat' dir='ltr'><strong>quaestionem</strong></span> <span class='ocrx_word' id='word_1_165' title='bbox 570 1752 624 1794; x_wconf 89' lang='lat' dir='ltr'><strong>de</strong></span> <span class='ocrx_word' id='word_1_166' title='bbox 665 1768 731 1804; x_wconf 91' lang='lat' dir='ltr'><strong>eo,</strong></span> <span class='ocrx_word' id='word_1_167' title='bbox 772 1761 822 1794; x_wconf 92' lang='lat' dir='ltr'><strong>ut</strong></span> <span class='ocrx_word' id='word_1_168' title='bbox 847 1752 1081 1809; x_wconf 85' lang='lat' dir='ltr'><strong>participes</strong></span> <span class='ocrx_word' id='word_1_169' title='bbox 1110 1753 1282 1796; x_wconf 89' lang='lat' dir='ltr'><strong>sceleris</strong></span> <span class='ocrx_word' id='word_1_170' title='bbox 1310 1755 1419 1796; x_wconf 86' lang='lat' dir='ltr'><strong>indi-</strong></span> 
     </span>
     <span class='ocr_line' id='line_1_25' title="bbox 61 1822 1421 1881; baseline 0.001 -13"><span class='ocrx_word' id='word_1_171' title='bbox 61 1841 160 1874; x_wconf 85' lang='lat' dir='ltr'><strong>care</strong></span> <span class='ocrx_word' id='word_1_172' title='bbox 203 1831 450 1881; x_wconf 76' lang='lat' dir='ltr'><strong>cogeretur,</strong></span> <span class='ocrx_word' id='word_1_173' title='bbox 488 1822 741 1866; x_wconf 85' lang='lat' dir='ltr'><strong>habendam</strong></span> <span class='ocrx_word' id='word_1_174' title='bbox 778 1841 868 1867; x_wconf 88' lang='lat' dir='ltr'><strong>esse</strong></span> <span class='ocrx_word' id='word_1_175' title='bbox 899 1825 1156 1867; x_wconf 84' lang='lat' dir='ltr'><strong>decernunt.</strong></span> <span class='ocrx_word' id='word_1_176' title='bbox 1211 1828 1316 1877; x_wconf 84' lang='lat' dir='ltr'><strong>Rex,</strong></span> <span class='ocrx_word' id='word_1_177' title='bbox 1347 1827 1421 1870; x_wconf 87' lang='lat' dir='ltr'><strong>ad-</strong></span> 
     </span>
     <span class='ocr_line' id='line_1_26' title="bbox 23 1894 1374 1953; baseline 0.002 -14"><span class='ocrx_word' id='word_1_178' title='bbox 23 1924 25 1929; x_wconf 94' lang='lat'>·</span> <span class='ocrx_word' id='word_1_179' title='bbox 51 1897 268 1947; x_wconf 50' lang='lat' dir='ltr'><strong>*monitos,</strong></span> <span class='ocrx_word' id='word_1_180' title='bbox 293 1895 389 1936; x_wconf 67' lang='lat' dir='ltr'><strong>uti-⁷³</strong></span> <span class='ocrx_word' id='word_1_181' title='bbox 424 1894 653 1936; x_wconf 89' lang='lat' dir='ltr'><strong>consilium</strong></span> <span class='ocrx_word' id='word_1_182' title='bbox 682 1896 853 1944; x_wconf 80' lang='lat' dir='ltr'><strong>silentio</strong></span> <span class='ocrx_word' id='word_1_183' title='bbox 879 1905 1144 1953; x_wconf 87' lang='lat' dir='ltr'><strong>premerent,</strong></span> <span class='ocrx_word' id='word_1_184' title='bbox 1171 1897 1374 1942; x_wconf 74' lang='lat' dir='ltr'><strong>dimittit.</strong></span> 
     </span>
     <span class='ocr_line' id='line_1_27' title="bbox 144 1966 1514 2028; baseline 0.003 -17"><span class='ocrx_word' id='word_1_185' title='bbox 144 1966 422 2011; x_wconf 86' lang='lat' dir='ltr'><strong>Pronuntiari</strong></span> <span class='ocrx_word' id='word_1_186' title='bbox 441 1967 598 2008; x_wconf 85' lang='lat' dir='ltr'><strong>deinde</strong></span> <span class='ocrx_word' id='word_1_187' title='bbox 631 1967 716 2009; x_wconf 89' lang='lat' dir='ltr'><strong>iter</strong></span> <span class='ocrx_word' id='word_1_188' title='bbox 743 1970 788 2009; x_wconf 89' lang='lat' dir='ltr'><strong>in</strong></span> <span class='ocrx_word' id='word_1_189' title='bbox 808 1975 1072 2025; x_wconf 71' lang='lat' dir='ltr'><strong>posterum⁴</strong></span> <span class='ocrx_word' id='word_1_190' title='bbox 1101 1969 1232 2021; x_wconf 87' lang='lat' dir='ltr'><strong>iubet,</strong></span> <span class='ocrx_word' id='word_1_191' title='bbox 1252 1987 1309 2013; x_wconf 89' lang='lat' dir='ltr'><strong>ne</strong></span> <span class='ocrx_word' id='word_1_192' title='bbox 1331 1987 1415 2028; x_wconf 89' lang='lat' dir='ltr'><strong>qua</strong></span> <span class='ocrx_word' id='word_1_193' title='bbox 1427 1973 1480 2015; x_wconf 82' lang='lat'><strong>31</strong></span> <span class='ocrx_word' id='word_1_194' title='bbox 1511 1977 1514 1979; x_wconf 69' lang='grc'><strong><em>’</em></strong></span> 
     </span>
     <span class='ocr_line' id='line_1_28' title="bbox 33 2038 1421 2103; baseline 0.001 -20"><span class='ocrx_word' id='word_1_195' title='bbox 33 2041 163 2083; x_wconf 73' lang='lat' dir='ltr'><strong>movi</strong></span> <span class='ocrx_word' id='word_1_196' title='bbox 203 2039 298 2081; x_wconf 90' lang='lat' dir='ltr'><strong>initi</strong></span> <span class='ocrx_word' id='word_1_197' title='bbox 337 2038 503 2080; x_wconf 90' lang='lat' dir='ltr'><strong>consilii</strong></span> <span class='ocrx_word' id='word_1_198' title='bbox 540 2038 719 2080; x_wconf 87' lang='lat' dir='ltr'><strong>daretur</strong></span> <span class='ocrx_word' id='word_1_199' title='bbox 752 2049 873 2082; x_wconf 89' lang='lat' dir='ltr'><strong>nota.</strong></span> <span class='ocrx_word' id='word_1_200' title='bbox 941 2041 1153 2103; x_wconf 73' lang='lat' dir='ltr'><strong>Invitatus</strong></span> <span class='ocrx_word' id='word_1_201' title='bbox 1193 2051 1259 2085; x_wconf 88' lang='lat' dir='ltr'><strong>est</strong></span> <span class='ocrx_word' id='word_1_202' title='bbox 1285 2044 1421 2085; x_wconf 89' lang='lat' dir='ltr'><strong>etiam</strong></span> 
     </span>
     <span class='ocr_line' id='line_1_29' title="bbox 64 2110 1421 2168; baseline 0.002 -15"><span class='ocrx_word' id='word_1_203' title='bbox 64 2111 254 2154; x_wconf 80' lang='lat' dir='ltr'><strong>Philotas</strong></span> <span class='ocrx_word' id='word_1_204' title='bbox 281 2111 335 2152; x_wconf 90' lang='lat' dir='ltr'><strong>ad</strong></span> <span class='ocrx_word' id='word_1_205' title='bbox 375 2110 550 2151; x_wconf 87' lang='lat' dir='ltr'><strong>ultimas</strong></span> <span class='ocrx_word' id='word_1_206' title='bbox 590 2110 670 2167; x_wconf 91' lang='lat' dir='ltr'><strong>ipsi</strong></span> <span class='ocrx_word' id='word_1_207' title='bbox 699 2111 860 2168; x_wconf 89' lang='lat' dir='ltr'><strong>epulas,</strong></span> <span class='ocrx_word' id='word_1_208' title='bbox 899 2120 942 2155; x_wconf 91' lang='lat' dir='ltr'><strong>et</strong></span> <span class='ocrx_word' id='word_1_209' title='bbox 970 2117 1076 2155; x_wconf 86' lang='lat' dir='ltr'><strong>rex⁵</strong></span> <span class='ocrx_word' id='word_1_210' title='bbox 1111 2129 1204 2155; x_wconf 90' lang='lat' dir='ltr'><strong>non</strong></span> <span class='ocrx_word' id='word_1_211' title='bbox 1232 2129 1421 2157; x_wconf 84' lang='lat' dir='ltr'><strong>coenare</strong></span> 
     </span>
     <span class='ocr_line' id='line_1_30' title="bbox 65 2181 1421 2244; baseline 0.002 -19"><span class='ocrx_word' id='word_1_212' title='bbox 65 2184 216 2231; x_wconf 87' lang='lat' dir='ltr'><strong>modo,</strong></span> <span class='ocrx_word' id='word_1_213' title='bbox 257 2183 333 2225; x_wconf 91' lang='lat' dir='ltr'><strong>sed</strong></span> <span class='ocrx_word' id='word_1_214' title='bbox 362 2181 496 2223; x_wconf 88' lang='lat' dir='ltr'><strong>etiam</strong></span> <span class='ocrx_word' id='word_1_215' title='bbox 530 2181 805 2223; x_wconf 86' lang='lat' dir='ltr'><strong>familiariter</strong></span> <span class='ocrx_word' id='word_1_216' title='bbox 835 2183 1025 2242; x_wconf 86' lang='lat' dir='ltr'><strong>colloqui</strong></span> <span class='ocrx_word' id='word_1_217' title='bbox 1057 2201 1160 2227; x_wconf 81' lang='lat' dir='ltr'><strong>cum</strong></span> <span class='ocrx_word' id='word_1_218' title='bbox 1191 2202 1258 2236; x_wconf 91' lang='lat' dir='ltr'><strong>eo,</strong></span> <span class='ocrx_word' id='word_1_219' title='bbox 1287 2202 1421 2244; x_wconf 89' lang='lat' dir='ltr'><strong>quem</strong></span> 
     </span>
     <span class='ocr_line' id='line_1_31' title="bbox 36 2253 1423 2316; baseline 0.003 -20"><span class='ocrx_word' id='word_1_220' title='bbox 36 2254 363 2303; x_wconf 86' lang='lat' dir='ltr'><strong>7damnaverat,</strong></span> <span class='ocrx_word' id='word_1_221' title='bbox 395 2253 610 2295; x_wconf 87' lang='lat' dir='ltr'><strong>sustinuit.</strong></span> <span class='ocrx_word' id='word_1_222' title='bbox 679 2254 881 2296; x_wconf 83' lang='lat' dir='ltr'><strong>Secunda</strong></span> <span class='ocrx_word' id='word_1_223' title='bbox 928 2256 1086 2298; x_wconf 85' lang='lat' dir='ltr'><strong>deinde</strong></span> <span class='ocrx_word' id='word_1_224' title='bbox 1117 2258 1270 2316; x_wconf 78' lang='lat' dir='ltr'><strong>vigilia,</strong></span> <span class='ocrx_word' id='word_1_225' title='bbox 1295 2259 1423 2300; x_wconf 88' lang='lat' dir='ltr'><strong>lumi-</strong></span> 
     </span>
     <span class='ocr_line' id='line_1_32' title="bbox 64 2324 1427 2384; baseline 0.004 -19"><span class='ocrx_word' id='word_1_226' title='bbox 64 2324 191 2366; x_wconf 81' lang='lat' dir='ltr'><strong>nibus</strong></span> <span class='ocrx_word' id='word_1_227' title='bbox 219 2326 426 2376; x_wconf 87' lang='lat' dir='ltr'><strong>extinctis,</strong></span> <span class='ocrx_word' id='word_1_228' title='bbox 457 2341 559 2367; x_wconf 88' lang='lat' dir='ltr'><strong>cum</strong></span> <span class='ocrx_word' id='word_1_229' title='bbox 587 2326 738 2382; x_wconf 88' lang='lat' dir='ltr'><strong>paucis</strong></span> <span class='ocrx_word' id='word_1_230' title='bbox 767 2326 814 2367; x_wconf 92' lang='lat' dir='ltr'><strong>in</strong></span> <span class='ocrx_word' id='word_1_231' title='bbox 841 2327 1008 2380; x_wconf 83' lang='lat' dir='ltr'><strong>regiam</strong></span> <span class='ocrx_word' id='word_1_232' title='bbox 1041 2334 1203 2370; x_wconf 65' lang='lat' dir='ltr'><strong>coeunt</strong></span> <span class='ocrx_word' id='word_1_233' title='bbox 1224 2329 1427 2384; x_wconf 86' lang='lat' dir='ltr'><strong>Hephae-</strong></span> 
     </span>
     <span class='ocr_line' id='line_1_33' title="bbox 65 2395 1422 2457; baseline 0.004 -20"><span class='ocrx_word' id='word_1_234' title='bbox 65 2396 181 2438; x_wconf 88' lang='lat' dir='ltr'><strong>stion</strong></span> <span class='ocrx_word' id='word_1_235' title='bbox 211 2404 254 2438; x_wconf 88' lang='lat' dir='ltr'><strong>et</strong></span> <span class='ocrx_word' id='word_1_236' title='bbox 280 2395 486 2442; x_wconf 87' lang='lat' dir='ltr'><strong>Craterus</strong></span> <span class='ocrx_word' id='word_1_237' title='bbox 515 2407 560 2441; x_wconf 89' lang='lat' dir='ltr'><strong>et</strong></span> <span class='ocrx_word' id='word_1_238' title='bbox 585 2398 763 2442; x_wconf 85' lang='lat' dir='ltr'><strong>Coenus</strong></span> <span class='ocrx_word' id='word_1_239' title='bbox 790 2406 834 2441; x_wconf 88' lang='lat' dir='ltr'><strong>et</strong></span> <span class='ocrx_word' id='word_1_240' title='bbox 861 2399 1072 2457; x_wconf 77' lang='lat' dir='ltr'><strong>Erigyius,</strong></span> <span class='ocrx_word' id='word_1_241' title='bbox 1099 2400 1146 2442; x_wconf 91' lang='lat' dir='ltr'><strong>hi</strong></span> <span class='ocrx_word' id='word_1_242' title='bbox 1178 2417 1229 2443; x_wconf 83' lang='lat' dir='ltr'><strong>ex</strong></span> <span class='ocrx_word' id='word_1_243' title='bbox 1258 2401 1422 2451; x_wconf 88' lang='lat' dir='ltr'><strong>amicis,</strong></span> 
     </span>
    </p>
   </div>
   <div class='ocr_carea' id='block_1_5' title="bbox 71 2571 1426 2664">
    <p class='ocr_par' dir='ltr' id='par_1_6' title="bbox 71 2571 1426 2664">
     <span class='ocr_line' id='line_1_34' title="bbox 71 2571 1426 2622; baseline 0.005 -17"><span class='ocrx_word' id='word_1_244' title='bbox 71 2571 90 2596; x_wconf 82' lang='lat'>1</span> <span class='ocrx_word' id='word_1_245' title='bbox 115 2571 164 2606; x_wconf 75' lang='lat' dir='ltr'><strong>ad</strong></span> <span class='ocrx_word' id='word_1_246' title='bbox 188 2580 302 2617; x_wconf 83' lang='lat' dir='ltr'><strong>caput</strong></span> <span class='ocrx_word' id='word_1_247' title='bbox 328 2574 423 2619; x_wconf 84' lang='lat' dir='ltr'><strong>regis</strong></span> <span class='ocrx_word' id='word_1_248' title='bbox 446 2576 691 2622; x_wconf 78' lang='lat' dir='ltr'><strong>pertinentia.</strong></span> <span class='ocrx_word' id='word_1_249' title='bbox 930 2575 953 2600; x_wconf 82' lang='lat'>2</span> <span class='ocrx_word' id='word_1_250' title='bbox 977 2575 1098 2611; x_wconf 79' lang='lat' dir='ltr'><strong>abest.</strong></span> <span class='ocrx_word' id='word_1_251' title='bbox 1194 2583 1200 2587; x_wconf 82' lang='grc'>’</span> <span class='ocrx_word' id='word_1_252' title='bbox 1234 2588 1239 2591; x_wconf 91' lang='grc'><strong><em>·</em></strong></span> <span class='ocrx_word' id='word_1_253' title='bbox 1328 2578 1347 2610; x_wconf 92' lang='grc'>3</span> <span class='ocrx_word' id='word_1_254' title='bbox 1372 2585 1426 2613; x_wconf 83' lang='lat' dir='ltr'><strong>ut.</strong></span> 
     </span>
     <span class='ocr_line' id='line_1_35' title="bbox 161 2624 901 2664; baseline 0.007 -7"><span class='ocrx_word' id='word_1_255' title='bbox 161 2625 182 2657; x_wconf 82' lang='lat'>4</span> <span class='ocrx_word' id='word_1_256' title='bbox 205 2624 392 2661; x_wconf 78' lang='lat' dir='ltr'><strong>adiicitur</strong></span> <span class='ocrx_word' id='word_1_257' title='bbox 418 2628 533 2664; x_wconf 87' lang='lat' dir='ltr'><strong>diem.</strong></span> <span class='ocrx_word' id='word_1_258' title='bbox 735 2633 753 2660; x_wconf 81' lang='grc'><strong><em>5</em></strong></span> <span class='ocrx_word' id='word_1_259' title='bbox 782 2629 901 2663; x_wconf 80' lang='lat' dir='ltr'><strong>abest.</strong></span> 
     </span>
    </p>
   </div>
  </div>
 </body>
</html>
