1703 2961
214 139 297 181 332
661 139 717 196 Q.
753 138 961 184 CURTII
986 141 1128 186 RUFI

215 251 383 294 ditione
413 251 646 294 deditionis
677 253 796 295 misit
829 253 885 295 ad
913 269 1085 311 regem:
1115 255 1191 298 sed
1217 264 1454 315 antequam
1483 261 1575 303 adi-

213 331 314 364 rent
341 339 455 375 eum,
497 325 609 367 duae
649 333 790 367 turres
831 341 934 368 cum
972 327 1134 383 ingenti
1171 327 1343 386 fragore
1374 334 1575 389 procide-

212 402 325 446 rant,
355 411 434 452 per
465 412 652 454 quarum
673 398 820 439 ruinas
843 398 1112 441 Macedones
1133 415 1304 442 evasere
1334 402 1379 444 in
1411 420 1571 457 arcem,

214 483 299 522 qua
351 476 476 526 capta
524 469 782 512 Porticanus
829 486 933 513 eum
985 471 1135 527 paucis
1172 487 1420 529 repugnans
1460 477 1575 519 occi-

214 539 343 584 ditur.

147 612 201 652 32
300 614 458 656 Diruta
497 613 625 670 igitur
660 629 772 665 arce,
815 621 859 657 et
892 615 1099 656 omnibus
1141 616 1321 673 captivis
1353 620 1633 664 venunda-13

212 686 280 733 tis,
309 686 459 728 Sambi
479 691 492 712 ¹
535 686 645 743 regis
684 685 791 728 fines
827 687 1041 743 ingressus
1072 694 1154 736 est;
1183 689 1418 746 multisque
1451 691 1575 747 oppi-

215 758 279 799 dis
306 758 350 798 in
387 757 521 799 fidem
562 758 765 815 acceptis,
811 759 1117 800 validissimam
1147 761 1284 815 gentis
1313 761 1470 802 urbem
1503 778 1575 804 cu-

213 830 360 872 niculo
392 830 520 887 cepit.
584 830 791 871 Barbaris
832 830 970 871 simile
1006 831 1193 872 monstri
1227 832 1368 873 visum
1399 840 1476 881 est,
1505 848 1639 878 ru-14

215 903 340 944 dibus
369 902 625 943 militarium
657 917 858 959 operum,
891 902 1054 960 quippe
1085 904 1130 945 in
1159 904 1304 945 media
1335 903 1473 946 Ferme
1505 920 1573 945 ur-

213 976 269 1017 be
288 975 481 1017 armati²
513 981 628 1015 terra
657 974 913 1023 existebant,
940 975 1059 1017 nullo
1089 975 1259 1017 suffossi
1290 991 1444 1032 specus
1473 984 1575 1018 ante

211 1049 390 1105 vestigio
425 1047 561 1089 facto.
626 1046 865 1101 Octoginta
895 1047 1016 1088 milia
1044 1048 1257 1089 Indorum
1286 1048 1330 1089 in
1362 1063 1410 1089 ea
1439 1049 1576 1105 regio·
1595 1069 1637 1096 ις

212 1137 268 1163 ne
306 1135 452 1171 caesa,
486 1119 735 1161 Clitarchus
775 1125 839 1158 est
873 1126 1050 1169 auctor,
1088 1120 1338 1177 multosque
1379 1120 1574 1177 captivos

211 1193 291 1234 sub
325 1207 489 1234 corona
518 1192 697 1232 venisse.
768 1191 934 1230 Rursus
965 1190 1182 1232 Musicani
1217 1191 1484 1242 defecerunt,
1517 1193 1571 1234 ad
1592 1208 1640 1236 16

212 1281 322 1322 quos
353 1263 668 1322 opprimendos
698 1262 851 1302 missus
873 1269 937 1302 est
956 1261 1132 1309 Pithon,
1163 1263 1235 1319 qui
1257 1270 1436 1318 captum
1458 1264 1577 1320 prin-

212 1341 357 1396 cipem
397 1336 537 1395 gentis
577 1334 855 1390 eundemque
889 1333 1148 1374 defectionis
1182 1340 1411 1375 auctorem
1441 1336 1578 1376 addu-

209 1412 271 1453 xit
301 1410 356 1452 ad
380 1423 542 1466 regem.
581 1407 684 1461 Quo
716 1404 961 1446 Alexander
985 1406 1031 1446 in
1064 1419 1243 1446 crucem
1274 1405 1460 1457 sublato,
1483 1421 1577 1447 rur-

211 1499 282 1525 sus
323 1496 526 1529 amnem,
567 1481 613 1521 in
658 1493 746 1537 quo
786 1477 967 1520 classem
1011 1483 1241 1534 expectare
1291 1492 1336 1518 se
1379 1478 1574 1530 iusserat,

209 1556 381 1614 repetit.

299 1629 471 1684 Quarto
506 1624 665 1668 deinde
707 1622 775 1665 die
807 1620 1002 1664 secundo
1033 1635 1162 1662 amne
1187 1621 1385 1678 pervenit
1409 1622 1464 1664 ad
1496 1638 1633 1680 OP·17

208 1704 377 1761 pidum,
409 1699 564 1757 quod³
598 1697 643 1738 in
681 1709 866 1751 regnum
899 1701 992 1734 erat
1022 1693 1188 1734 Sambi.
1247 1694 1403 1750 Nuper
1428 1710 1472 1736 se
1503 1695 1573 1736 ille

210 1775 464 1821 dediderat,
508 1769 584 1811 sed
622 1766 832 1825 oppidani
882 1766 1191 1807 detrectabant
1223 1766 1459 1824 imperium
1482 1799 1492 1817 ‚
1532 1774 1574 1808 et

209 1846 454 1889 clauserant
505 1849 670 1900 portas.
767 1838 973 1894 Quorum
1020 1839 1242 1894 paucitate
1300 1846 1634 1895 contempta,13

206 1936 281 1962 rex
334 1917 594 1975 quingentos
656 1911 872 1970 Agrianos
917 1910 1094 1951 moenia
1133 1911 1277 1952 subire
1304 1911 1494 1959 ‘iussitfi
1531 1919 1574 1952 et

209 1992 368 2035 sensim
404 1987 662 2030 recedentes
702 1983 857 2026 elicere
894 1989 1013 2024 extra
1047 1998 1199 2024 muros
1233 1982 1419 2034 hostem,
1453 1999 1573 2025 secu-

208 2075 359 2108 turum
396 2059 614 2119 profecto,
656 2057 691 2098 si
732 2056 884 2112 sugere
923 2070 996 2096 eos
1030 2055 1242 2096 crederet.
1300 2056 1490 2112 Agriani,
1518 2056 1632 2111 si-19

209 2145 285 2180 cut
314 2137 585 2191 imperatum
616 2136 724 2177 erat,
754 2126 954 2169 lacessito
980 2127 1119 2175 hoste,
1153 2127 1298 2169 subito
1331 2135 1452 2186 terga
1480 2142 1573 2169 ver-

209 2217 321 2259 tunt,
350 2221 459 2265 quos
488 2202 665 2245 barbari
689 2200 826 2243 effuse
849 2206 1079 2257 sequentes
1109 2199 1154 2239 in
1184 2199 1302 2250 alios,
1330 2200 1443 2241 inter
1461 2215 1571 2256 quos

210 2283 300 2340 ipse
341 2295 416 2321 rex
457 2283 568 2326 erat,
613 2274 827 2315 incidunt.
896 2274 1127 2314 Renovato
1169 2287 1271 2328 ergo
1309 2272 1488 2327 proeli0,
1522 2288 1571 2313 ex

206 2355 346 2397 tribus
377 2350 552 2392 milibus
581 2347 874 2389 barbarorum
901 2344 1089 2386 sexcenti
1109 2345 1125 2370 ⁵
1169 2343 1279 2386 caesi
1308 2352 1421 2396 sunt,
1452 2344 1571 2386 mille

210 2425 342 2484 capti,
373 2422 507 2467 ceteri
539 2419 772 2462 moenibus
809 2417 929 2459 urbis
955 2416 1120 2458 inclusi.

213 2536 472 2552 .——-———-·

216 2613 231 2635 1
258 2609 366 2644 Sabi.
504 2604 523 2628 2
545 2603 662 2643 abest,
692 2611 771 2636 tum
795 2600 904 2645 vulgo
931 2610 950 2633 e
973 2605 1083 2633 terra.
1247 2597 1267 2628 3
1285 2608 1360 2643 qua
1384 2597 1478 2630 iter
1510 2597 1566 2630 iu.

304 2665 326 2695 4
352 2662 508 2696 iusserat
721 2658 740 2685 5
771 2654 982 2700 quingenti.
