1703 2961
399 165 480 207 DE
514 159 725 204 GEsT1s
765 158 928 200 Atax.
959 156 1029 206 w,
1067 155 1106 195 s.
1228 125 1230 129 ’
1376 148 1427 192 47

81 278 374 324 aiurantibus
419 277 548 322 sacta,
588 272 700 315 serio
743 271 829 311 iam
869 284 954 320 rex,
991 266 1142 308 iisdem
1187 260 1416 307 comitanti

81 354 160 395 bus
191 352 235 392 in
267 350 429 407 regiam
457 344 662 405 pervenit.

24 444 72 470 24
164 423 301 464 Fama
334 420 504 469 deinde,
530 421 568 469 ¹)
598 422 646 456 ut
674 414 794 464 solet,
821 421 993 454 strenue
1019 417 1111 450 tota
1139 408 1245 448 urbe
1273 406 1435 446 ‹liseur-

81 494 155 536 rit:
200 494 386 538 aliorum
429 489 644 535 studium,
696 486 880 527 aliorum
920 480 1155 539 indignatio
1196 478 1434 520 eminebat:

85 566 315 608 ditissimus
339 565 518 622 quisque
547 559 839 602 humilitatem
872 555 1151 612 inopiamque
1191 551 1280 593 eius
1320 550 1437 606 apud

25 654 69 682 2⁵
90 638 252 680 amieos
298 634 530 679 Alexandri
580 630 906 675 crIminabatur.
985 624 1169 668 Admitti
1219 640 1319 665 eum
1365 639 1439 666 rex

85 709 283 766 protinus
315 708 459 758 iussit,
488 706 648 762 diuque
677 702 1008 756 contemplatus,
1036 701 1243 753 corporis,
1284 697 1440 754 inquit,

84 784 257 824 habitus
276 779 431 841 famae
473 780 641 834 generis
681 792 763 817 non
790 784 1026 828 repugnat:
1067 775 1142 814 sed
1181 773 1286 812 libet
1314 773 1439 820 scire,

89 856 280 909 inopiam
311 870 394 910 qua
425 853 643 908 patientia
679 850 858 890 tuleris?
896 848 1010 887 Tum
1042 845 1121 894 illc,
1162 848 1341 896 minam,
1379 843 1439 883 in-

89 925 197 982 quit,
235 929 379 968 eodem
419 929 560 967 animo
597 938 772 977 reguum
805 923 904 975 pati
939 921 1132 974 possim!
1173 920 1252 958 lzae
1293 934 1442 958 manns

86 998 290 1057 suffecere
340 1001 557 1040 desiderio
593 1011 704 1038 meo:
764 995 875 1035 nihil
913 993 1089 1033 habenti
1133 992 1243 1031 nihil
1285 989 1442 1049 defuit.

24 1081 72 1109 26
86 1071 271 1127 Magnae
301 1071 455 1113 indolis
479 1069 702 1126 specimen
731 1082 781 1107 ex
809 1066 896 1106 hoe
927 1078 1129 1105 sermone
1158 1062 1443 1103 Abdalonimi

87 1142 214 1198 cepit.
271 1143 423 1199 Itaque
451 1157 542 1182 non
573 1140 788 1181 Stratonis
819 1137 954 1177 modo
996 1135 1158 1191 regiam
1202 1135 1445 1191 supellecti-

87 1213 174 1254 lem
205 1213 381 1255 attribui
425 1213 460 1253 ei
491 1212 622 1261 iussit,
658 1211 733 1252 sed
769 1209 974 1266 pleraque
1014 1207 1146 1248 etiam
1186 1223 1235 1248 ex
1272 1207 1445 1248 Persica

86 1285 270 1343 praeda,
303 1284 524 1341 regionem
555 1298 730 1340 quoque
760 1282 857 1322 urbi
889 1279 1133 1337 appositam
1165 1279 1324 1321 dicioni
1355 1279 1447 1320 eius

90 1357 260 1399 adiecit.

30 1447 76 1474 27
136 1427 139 1430 ⁴
202 1431 372 1470 Interea
405 1428 626 1481 Amyntas,
668 1441 800 1483 quem
832 1425 886 1467 ad
917 1425 1067 1466 Persas
1107 1425 1161 1465 ab
1202 1423 1446 1465 Alexandro

90 1499 366 1557 transsugisse
392 1500 596 1548 diximus,
638 1513 740 1539 cum
782 1504 990 1553 quattuor
1031 1495 1205 1536 milibus
1257 1495 1449 1538 Graeco-

91 1589 205 1622 rum,
232 1574 374 1629 ipsum
407 1587 474 1613 ex
484 1571 574 1612 acie
603 1569 856 1626 persecutis,
887 1568 987 1625 fuga
1020 1567 1218 1624 Tripolin
1237 1571 1258 1593 ²
1299 1583 1449 1624 perve-

90 1646 167 1687 nit.
225 1645 330 1686 lnde
362 1643 406 1683 in
437 1658 565 1683 naves
593 1641 805 1688 militibus
834 1640 1047 1696 impositis
1078 1640 1277 1696 ijrum
1313 1648 1450 1681 trans—

89 1716 221 1761 misit,
257 1722 299 1756 et
327 1729 428 1756 eum
465 1714 510 1754 in
545 1713 616 1754 illo
644 1720 759 1754 statu
788 1727 938 1753 rerum
968 1712 1011 1753 id
1056 1728 1290 1769 quemque,
1329 1712 1449 1769 quod

94 1793 364 1842 occupasset,
406 1785 661 1826 habiturum
695 1785 994 1832 arbitraretur,
1039 1785 1156 1825 velut
1192 1793 1310 1825 certo
1354 1785 1448 1826 iure

92 1874 360 1916 possessum,
405 1858 653 1914 Aegyptum
701 1865 850 1914 petere
892 1856 1101 1897 decrevit:
1150 1857 1323 1913 utrique
1359 1857 1448 1913 regi

94 1931 250 1979 hostis,
301 1937 345 1971 et
387 1943 559 1985 semper
594 1945 644 1970 ex
687 1928 864 1985 ancipiti
906 1928 1149 1969 mutatione
1193 1937 1449 1985 temporum

32 2003 301 2059 28pendens.
373 2001 671 2057 Hortatusque
707 2001 864 2042 milites
904 2000 958 2041 ad
1006 2015 1128 2055 spem
1179 2007 1326 2042 tantae
1372 2001 1449 2052 rei,

96 2075 241 2124 docet,
273 2074 474 2116 Satacem
498 2073 516 2100 3
547 2080 798 2128 praetorem
831 2073 1015 2130 Aegypti
1057 2071 1258 2113 cecidisse
1280 2073 1324 2114 in
1344 2073 1449 2122 acie,

95 2147 326 2187 Persarum
354 2143 620 2201 praesidium
652 2152 696 2185 et
725 2144 814 2185 sine
846 2145 956 2185 (luce
988 2158 1092 2191 esse,
1131 2150 1174 2183 et
1198 2143 1449 2196 invalidum,

90 2216 338 2274 Aegyptios,
379 2230 551 2271 semper
588 2216 863 2272 praetoribus
907 2230 1062 2256 eorum
1092 2214 1282 2265 infestos,
1308 2219 1331 2243 4
1367 2232 1448 2273 pro

33 2308 80 2339 29
96 2289 220 2331 sociis
259 2288 388 2346 ipsos,
423 2302 515 2327 non
553 2302 632 2341 pro
668 2286 866 2328 hostibus
904 2287 1219 2328 aestimaturos.
1283 2286 1448 2329 Omnia

97 2360 276 2415 experiri
317 2359 548 2400 necessitas
582 2360 783 2412 cogebat:
818 2359 978 2415 quippe
1018 2373 1120 2400 eum
1156 2358 1317 2413 primas
1354 2375 1450 2416 spes

96 2431 273 2473 fortuna
297 2430 500 2480 destituit,
530 2429 676 2471 futura
705 2431 1002 2485 praesentibus
1031 2430 1234 2471 videntur
1266 2446 1354 2472 esse
1373 2447 1450 2487 po-

95 2503 220 2544 tiora.
279 2503 413 2559 Igitur
444 2501 736 2553 conclamant,
768 2502 946 2545 duceret
974 2517 1062 2559 quo
1090 2501 1323 2544 videretur.
1375 2503 1450 2544 At-

99 2652 116 2676 1
142 2651 260 2686 abest.
281 2660 285 2670 ³
399 2652 419 2677 2
454 2653 655 2698 Tripolim.
834 2652 854 2682 3
888 2652 1082 2686 Sabacem.
1222 2654 1243 2684 4
1262 2653 1446 2688 infensos.
