1703 2961
474 155 556 198 DE
596 153 804 198 GESTIS
842 156 1011 201 ALEx.
1055 159 1125 210 IX,
1163 158 1231 203 40.
1441 164 1525 206 339

156 266 326 309 famem
355 267 515 309 sentire
546 274 801 324 coeperunt,
844 267 1012 310 radices
1038 269 1300 326 palmarum,
1328 290 1521 334 namque

90 352 136 376 21
155 340 243 381 sola
289 356 335 382 ea
379 341 513 382 arbor
550 340 758 396 gignitur,
801 340 963 397 ubique
1009 341 1232 383 rimantes.
1295 346 1382 386 Sed
1416 363 1519 390 cum

153 411 263 454 haec
306 428 481 470 quoque
522 412 727 452 alimenta
768 411 1040 462 defecerant,
1091 413 1286 455 iumenta
1333 419 1517 462 caedere

154 486 349 541 aggressi,
389 501 444 526 ne
483 484 603 541 equis
644 483 823 539 quidem
862 483 1167 534 abstinebant;
1191 495 1235 527 et
1262 503 1364 528 cum
1399 490 1518 532 dees-

151 564 249 597 sent
279 573 390 614 quae
430 555 619 597 sarcinas
656 555 886 605 veherent,
926 556 1060 611 spolia
1090 557 1143 598 de
1174 557 1387 610 hostibus,
1415 577 1516 618 pro-

151 635 251 684 pter
288 644 399 686 quae
438 628 589 669 ultima
632 627 827 668 Orientis
856 638 1215 683 peragraverant,
1255 633 1514 676 cremabant

88 699 368 742 13incendio.
423 700 608 741 Famem
640 699 795 740 deinde
826 700 1068 755 pestilentia
1100 710 1246 743 secuta
1274 711 1359 744 est:
1391 706 1514 761 quip-

149 786 205 827 pe
251 772 538 814 insalubrium
577 772 780 814 ciborum
819 772 918 812 novi
962 772 1106 820 succi,
1147 774 1313 817 adhoc
1348 776 1513 820 itineris

148 843 276 884 labor
319 853 362 885 et
391 845 613 901 aegritudo
644 843 791 890 animi,
821 843 1101 900 vulgaverant
1129 847 1323 897 morbos,
1356 857 1399 890 et
1428 866 1510 894 nec

148 931 329 957 manere
356 917 447 958 sine
491 917 624 966 clade,
668 932 749 957 nec
780 917 982 972 progredi
1016 925 1244 973 poterant:
1281 930 1511 964 manentes

86 987 314 1038 14fames,
358 1004 610 1046 progressos
660 987 804 1029 acrior
845 988 1086 1044 pestilentia
1128 990 1321 1046 urgebat.
1390 993 1510 1051 Ergo

146 1062 267 1102 strati
296 1069 420 1102 erant
453 1062 596 1118 campi
630 1076 769 1118 paene
800 1059 996 1116 pluribus
1025 1061 1249 1111 semivivis,
1282 1078 1416 1120 quam
1445 1081 1513 1108 ca-

148 1133 391 1176 daveribus.
447 1135 512 1175 Ac
542 1149 597 1174 ne
627 1132 761 1174 levius
783 1132 962 1188 quidem
990 1132 1103 1188 aegri
1133 1135 1253 1190 sequi
1282 1143 1511 1189 poterant:

145 1205 307 1262 quippe
347 1219 504 1260 agmen
541 1204 702 1258 raptim
740 1203 970 1259 agebatur,
1015 1211 1189 1245 tantum
1227 1205 1403 1263 singulis
1453 1211 1509 1252 ad

145 1292 269 1334 spem
317 1277 464 1318 salutis
512 1277 629 1332 ipsos
685 1273 901 1331 proficere
954 1275 1250 1328 credentibus,
1293 1288 1510 1335 quantum

82 1349 311 1390 1sitineris
362 1347 613 1389 festinando
661 1346 1009 1402 praeciperent.¹
1088 1348 1225 1404 Igitur
1276 1351 1348 1407 qui
1397 1354 1512 1396 defe-

147 1429 301 1463 cerant
333 1428 464 1461 notos
503 1419 762 1475 ignotosque
793 1425 840 1458 ut
871 1418 1161 1460 allevarentur
1193 1423 1401 1465 orabant:
1433 1427 1508 1469 sed

143 1509 226 1534 nec
256 1493 450 1534 iumenta
486 1498 622 1540 erant,
649 1489 806 1547 quibus
836 1489 974 1546 excipi
1005 1499 1194 1547 possent,
1227 1501 1269 1534 et
1295 1496 1415 1538 miles
1440 1499 1509 1541 vix

143 1579 266 1606 arma
300 1565 517 1621 portabat,
569 1561 923 1619 imminentisque
965 1565 1042 1603 et²
1076 1563 1193 1619 ipsis
1233 1564 1366 1608 facies
1403 1571 1507 1612 mali

144 1644 246 1679 ante
278 1636 429 1679 oculos
460 1642 566 1677 erat.
622 1633 741 1689 Ergo
772 1634 941 1690 saepius
970 1635 1176 1685 revocati,
1203 1652 1258 1677 ne
1289 1639 1507 1696 respicere

143 1709 324 1766 quidem
354 1723 454 1749 suos
485 1706 770 1755 sustinebant,
806 1706 1110 1748 misericordia
1142 1708 1188 1749 in
1217 1708 1508 1755 formidinem

81 1789 276 1822 16versa.
346 1780 411 1822 Illi
450 1778 590 1820 relicti
634 1779 738 1819 deos
779 1786 923 1827 testes,
958 1780 1030 1819 et3
1075 1794 1197 1821 sacra
1237 1786 1506 1836 communia,

142 1853 341 1909 regisque
384 1851 682 1908 implorabant
726 1865 880 1905 opem,
920 1865 1110 1906 cumque
1151 1851 1312 1895 frustra
1354 1857 1506 1899 surdas

140 1939 265 1966 aures
307 1924 554 1980 fatigarent,
587 1922 631 1963 in
660 1921 831 1962 rabiem
861 1922 1165 1976 desperatione
1196 1926 1318 1975 versi,
1350 1943 1505 1983 parem

141 2011 221 2038 suo
254 1996 428 2046 exitum,
471 1994 718 2052 similesque
755 1993 856 2050 ipsis
895 1994 1062 2036 amicos
1094 2003 1139 2036 et
1166 1997 1503 2042 contubernales

139 2068 449 2126 precabantur.

78 2155 123 2182 17
223 2142 329 2188 Rex,
361 2139 513 2181 dolore
548 2138 676 2181 simul
712 2153 762 2180 ac
798 2137 970 2194 pudore
1003 2139 1175 2191 anxius,
1226 2140 1325 2198 quia
1370 2144 1558 2188 causa41

139 2221 289 2255 tantae
320 2212 454 2254 cladis
483 2212 573 2268 ipse
607 2218 728 2261 esset,
766 2210 821 2252 ad
850 2210 1214 2267 Phrataphernen
1240 2214 1510 2272 Parthyene-

139 2288 276 2327 rum*
307 2292 513 2341 satrapen
539 2283 667 2332 misit,
707 2282 780 2339 qui
815 2282 986 2324 iuberet
1015 2284 1193 2326 camelis
1233 2293 1358 2327 cocta
1392 2288 1507 2329 ciba-

140 2357 204 2398 ria
248 2356 427 2398 afferre:
472 2355 610 2397 alios⁵
660 2354 950 2396 finitimarum
987 2355 1216 2412 regionum
1254 2357 1504 2414 praefectos

77 2428 346 2470 18certiores
373 2427 640 2471 necessitatis
670 2442 771 2469 suae
801 2426 921 2469 fecit.-
977 2428 1073 2469 Nec
1105 2437 1324 2471 cessatum
1352 2438 1416 2471 est
1445 2431 1500 2472 ab

141 2594 158 2619 1
187 2594 463 2640 praeriperent.
572 2593 593 2620 2
619 2594 747 2628 etiam.
853 2592 873 2622 3
901 2593 1021 2628 abest.
1122 2595 1145 2628 4
1168 2595 1502 2643 Phrataphernem

230 2647 471 2684 Parthorum.
670 2649 689 2677 5
716 2648 812 2682 alios
840 2659 1050 2695 quoque.

1149 2711 1240 2750 Y2
