1703 2961
375 135 456 175 mi
499 132 708 174 GESTIS
758 131 924 172 ALEX.
961 132 1122 179 111,·15.
1377 134 1425 174 19

862 246 1101 297 'experiri
1139 261 1293 294 meum,
1333 245 1422 288 alio

67 249 194 290 modo
240 251 426 288 maxime
471 248 603 287 velles
648 248 832 285 animum

61 318 261 379 profecto
299 322 524 368 voluisses,
565 319 642 358 secl
683 320 866 358 certiore
886 318 906 342 ²
958 332 1083 371 quam
1122 330 1325 371 expertus
1363 336 1422 364 es,

59 411 111 436 ne
141 405 338 448 optasses
367 394 549 448 quidem.
575 387 694 431 'Hac
727 391 915 444 epistola
940 400 1132 443 accepta,
1149 400 1292 431 cametz
1308 393 1424 446 quod

60 470 250 509 dilueras
288 467 399 508 bibi:
440 476 484 507 ee
514 480 620 513 nunc
648 465 785 509 crede,
816 479 882 506 me
909 463 925 490 ³
957 477 1040 504 non
1071 465 1209 502 minus
1237 479 1317 516 pro
1349 474 1424 504 tua

51 541 158 598 sicle,
197 556 323 596 quam
366 554 446 592 pro
487 554 577 577 mea
619 538 760 576 salute
797 553 886 576 esse
916 537 1162 577 sollicitum.
1217 534 1335 575 Haec
1364 535 1425 574 lo-

61 620 188 667 cutus
215 613 237 638 4
278 612 475 652 dextram
509 609 708 665 Philippo
742 608 890 649 offert.

13 694 50 722 :3
126 682 362 740 *Ceterum
393 688 512 722 tanta
544 681 602 722 vis
630 680 943 742 medicamenti
968 682 982 707 ⁵
1015 679 1108 729 fuit,
1139 686 1186 720 ut
1217 692 1327 735 quae
1358 693 1420 719 se-
1434 683 1481 721 *1ss

13 762 170 798 14cuta
212 761 316 796 sunt
348 753 703 795 criminationem
730 752 1033 794 Parmenionis
1059 751 1313 792 adiuverint.
1358 751 1425 791 In-

57 825 276 868 terclusus
309 825 483 882 spiritus
523 832 612 866 arte
654 824 843 867 meabat-
912 825 1006 866 Nec
1048 822 1273 878 Philippus
1308 822 1423 880 quic·⁴

59 912 193 954 quam
234 897 508 953 inexpertum
546 895 703 937 omisit.
793 896 867 938 Ille
905 896 1103 936 fomenta
1144 895 1320 950 corpori
1350 895 1424 936 ad-

8 970 9 974 ’
59 970 218 1018 movit3
252 970 319 1011 ille
360 976 611 1026 torpentem
639 983 758 1009 nunc
794 967 893 1015 cibi,
923 982 1041 1008 nunc
1070 966 1156 1006 vini
1190 967 1326 1007 odore
1357 982 1422 1007 ex-

30 1041 221 1083 scitavit.
308 1042 453 1097 Atque
503 1048 551 1081 ut
596 1041 792 1096 primum
833 1039 993 1080 mentis
1033 1045 1291 1093 compotem
1334 1053 1422 1078 esse

58 1112 201 1163 sensit,
238 1113 375 1153 modo
415 1112 567 1152 matris
600 1125 903 1166 sororumque,
937 1109 1074 1150 modo
1108 1115 1256 1150 tantae
1289 1108 1423 1150 victo-

28 1183 153 1225 6riae
188 1184 580 1241 appropinquantis
612 1183 851 1224 admonere
885 1196 976 1222 non
1005 1181 1181 1223 destitit.
1230 1180 1293 1221 Ut
1318 1195 1422 1221 vero

62 1255 441 1297 medicamentum
479 1271 522 1297 se
563 1255 739 1297 diffudit
777 1255 822 1296 in
862 1268 1012 1303 venas,
1049 1261 1093 1295 et
1129 1252 1290 1294 sensim
1325 1259 1422 1293 toto

60 1342 248 1384 corpore
286 1327 514 1369 salubritas
557 1326 725 1384 percipi
765 1325 925 1383 potuit,
962 1326 1201 1382 primum⁶
1253 1324 1423 1366 animus

60 1398 254 1454 vigorem
303 1414 455 1450 suurn,
498 1400 654 1441 deinde
697 1413 857 1455 eorpus
902 1413 1078 1455 quoque
1121 1396 1423 1453 expectatione

61 1471 275 1513 maturius
299 1472 597 1528 recuperavit:
626 1470 790 1527 quippe
815 1477 917 1526 post
935 1469 1115 1510 tertium
1136 1468 1265 1518 diem,
1290 1483 1423 1524 quam

35 1544 106 1584 -in
144 1543 231 1585 hoc
274 1550 387 1584 statu
421 1543 586 1592 fuerat,
642 1543 687 1583 in
738 1548 1027 1596 conspectum
1061 1539 1254 1581 militum
1289 1539 1421 1580 venit.

30 1615 154 1657 vNee
185 1614 348 1655 avidius
389 1614 533 1669 ipsum
572 1628 732 1669 regem,
772 1627 906 1667 quam
936 1611 1200 1667 Philippum,
1227 1611 1425 1652 intueba-

61 1695 136 1728 tur
174 1685 407 1727 exercitus:
451 1698 533 1740 pro
574 1698 619 1725 se
659 1683 839 1741 quisque
873 1683 1071 1724 dextram
1112 1682 1203 1724 eius
1238 1683 1423 1739 amplexi

62 1766 203 1814 grates
242 1756 468 1797 habebant
503 1754 623 1796 velut
661 1754 881 1812 praesenti
911 1754 1008 1796 deo.
1066 1755 1271 1811 Namque
1304 1754 1423 1807 haud

59 1829 185 1871 facile
216 1829 336 1870 dictu
366 1835 443 1876 est,
472 1835 648 1884 praeter
677 1827 916 1883 ingenitam
943 1825 997 1866 illi
1027 1826 1144 1882 genti
1179 1841 1278 1883 erga
1304 1842 1425 1884 reges

62 1916 163 1944 suos
199 1901 541 1951 venerationem,
583 1907 799 1957 quantum
836 1898 965 1939 huius
995 1898 1144 1955 utique
1167 1902 1185 1924 ⁷
1218 1900 1328 1956 regis
1360 1901 1425 1941 vel

0 1985 3 2006 ³-
63 1972 343 2014 admirationi
393 1973 526 2014 dediti
571 1971 757 2019 fuerint,
805 1971 872 2012 vel
915 1970 1095 2012 caritate
1134 1969 1424 2027 flagraverint.

35 2046 159 2088 elam
197 2044 393 2102 primum
431 2043 536 2084 nihil
572 2043 663 2085 sine
698 2044 713 2069 8
752 2043 897 2085 divina
932 2058 1016 2099 ope
1055 2042 1227 2099 aggredi
1253 2043 1426 2084 videba-

64 2123 157 2165 tur3
195 2131 299 2156 nam
341 2109 442 2158 cum
481 2121 657 2172 praesto
697 2123 808 2157 esset
841 2115 1004 2171 ubique
1032 2113 1224 2164 fortuna,
1254 2115 1428 2156 temeri—

33 2196 134 2238 9tas
164 2188 209 2228 in
239 2187 424 2244 gloriam
456 2195 650 2230 cesserat.
708 2189 840 2229 Aetas
871 2202 1047 2244 quoque
1075 2187 1144 2227 vix
1174 2186 1306 2235 tantis
1337 2202 1427 2227 ma·

66 2266 163 2301 tura
186 2260 329 2310 rebus,
366 2261 441 2301 sed
479 2261 652 2301 abunde
678 2258 909 2308 sufficiens,
940 2258 1089 2300 omnia
1113 2262 1135 2286 9
1169 2259 1259 2299 eius
1291 2273 1425 2315 opera

69 2330 337 2373 honestabat.
403 2331 463 2373 Et
507 2347 616 2389 quae
656 2332 819 2373 leviora
852 2330 1004 2390 haberi
1045 2331 1202 2382 solent,
1237 2330 1428 2386 plerum-

69 2513 88 2536 1
114 2524 190 2558 quo
227 2514 389 2548 maxime
414 2515 531 2548 modo
557 2515 727 2548 animum
757 2515 883 2548 velles.
1119 2552 1124 2554 γ
1153 2513 1172 2537 2
1211 2512 1425 2546 certiorem.

157 2565 176 2595 3
207 2560 320 2600 credo
344 2574 393 2601 te.
487 2570 509 2600 4
543 2568 728 2602 elocutus.
822 2568 841 2595 5
871 2566 1148 2602 medicaminis.
1242 2566 1263 2590 ⁶
1285 2566 1424 2612 primo.

161 2619 178 2647 7
209 2631 375 2667 quoque.
591 2622 608 2650 8
638 2621 723 2655 nisi.
925 2621 946 2648 9
971 2619 1137 2655 addicar
1161 2621 1289 2654 etiam.
1370 2659 1396 2683 x

1070 2682 1164 2722 B2
