1703 2961
412 150 494 192 DE
525 146 733 193 GESTIS
762 146 934 197 ALEX.
962 149 1016 201 V,
1046 149 1113 192 26.
1377 155 1455 196 139

108 268 271 306 intacta
297 275 419 306 sunt:
450 265 555 306 Indi
590 273 635 304 ec
667 263 801 303 Sacae
841 264 887 303 in
915 271 993 303 tua
1018 273 1259 318 potestate:
1287 277 1356 309 coc
1383 284 1456 322 po-

109 339 214 392 puli,
246 347 317 378 coc
360 340 587 385 exercitus,
629 345 700 376 cot
724 337 915 390 equitum
942 337 1222 394 peditumque
1252 342 1373 380 milia
1403 344 1460 381 ad

110 413 401 452 renovandum
442 402 594 450 bellum
638 411 758 448 vires
807 418 990 462 paratas
1033 409 1198 461 habent,
1238 425 1287 454 uc
1324 418 1463 455 maio,-

61 491 81 519 6
111 483 214 523 belli
250 486 381 525 moles
417 484 631 537 supersit,
671 496 797 536 quam
835 482 1045 523 exhausta
1073 486 1146 525 sit.
1233 487 1354 551 Quid
1380 490 1462 527 rui-

112 572 205 596 mus
250 558 464 597 beluarum
506 557 596 596 ritu
642 556 689 595 in
736 556 970 607 perniciem
1020 572 1104 598 non
1153 563 1467 601 necessariam?

113 631 309 669 Fortium
337 632 529 671 virorum
561 639 638 677 esc,
667 629 810 680 magis
841 638 1018 668 mortem
1040 641 1317 683 contemnere,
1339 651 1466 690 quam

66 714 83 739 7
117 703 259 742 odisse
286 705 442 744 vitam.
513 703 652 755 Saepe
683 702 834 742 taedio
872 701 1036 743 laboris
1063 707 1124 744 acl
1150 708 1372 748 vilitatem
1399 711 1471 749 sui

116 775 430 828 compelluntur
486 777 637 827 ignavi
646 790 657 816 .·
714 785 762 816 ab
818 775 929 815 nihil
969 778 1144 818 ‘virtus‘
1198 783 1472 835 inexpertum

119 850 306 891 omittit.
368 852 523 904 Itaque
557 849 752 889 ultimum
790 850 978 888 omnium
1006 866 1121 891 mors
1149 865 1229 902 esc,
1259 853 1315 894 ad
1344 870 1473 909 quam

71 929 88 956 Β
123 938 207 964 non
234 925 363 977 pigre
392 925 455 962 ire
483 923 598 962 sacis
624 931 703 962 esc.
764 923 958 962 Proinde
985 924 1028 962 si
1050 926 1228 974 Bactra,
1271 929 1388 981 quod
1414 938 1479 968 cu-

122 999 339 1037 tissimum
367 995 678 1049 receptaculum
704 1004 783 1043 esc,
811 996 1021 1048 petimus,
1045 995 1314 1056 praefectum
1341 1002 1480 1054 regio-

121 1073 192 1113 nis
218 1072 311 1110 eius
340 1072 520 1110 Bessum
561 1083 701 1120 regem
731 1068 942 1120 temporis
965 1071 1115 1120 gracia
1141 1070 1479 1127 [statuamuss2

127 1144 397 1197 Compositis
424 1140 562 1190 rebus,
583 1142 700 1202 iusto
737 1141 833 1193 regi
860 1140 947 1181 cibi
962 1139 1251 1201 fiduciariam
1279 1150 1485 1190 restituet

124 1217 366 1271 imperium.

77 1303 96 1334 9
206 1287 337 1329 Haud
366 1286 528 1328 mirum
559 1291 634 1335 est,
676 1284 875 1326 Dareum
909 1300 1001 1327 non
1029 1293 1293 1343 temperasse
1321 1291 1548 1339 animo‚27

128 1375 398 1418 quamquam
437 1366 530 1399 tam
568 1355 729 1412 impiae
768 1358 865 1399 voci
905 1365 1120 1415 quantum
1169 1361 1289 1403 nefas
1329 1366 1485 1415 esset‚³

129 1433 308 1474 latebat.
368 1434 536 1487 Itaque,
563 1431 820 1479 Pessimum,
852 1429 1004 1487 inquit,
1036 1436 1313 1487 mancipium,
1342 1452 1492 1492 reppe-

134 1507 240 1548 risti
279 1503 572 1559 exoptacum4
612 1503 698 1543 cibi
727 1512 909 1557 tempus,
962 1520 1045 1561 quo
1072 1509 1362 1559 parricidium
1394 1526 1494 1564 ape-

137 1581 273 1621 rires!
301 1576 542 1631 strictoque
581 1574 759 1615 acinace
798 1574 1110 1618 interfecturus
1150 1580 1286 1620 eum⁵
1320 1580 1498 1624 videba-

76 1659 231 1701 10tur,
268 1648 313 1690 ni
356 1660 545 1704 propere
583 1646 740 1687 Bessus
769 1646 1096 1704 Bactrianique,
1127 1649 1494 1704 deprecantiums

139 1719 296 1779 specie,
340 1726 548 1768 ceterum,
591 1717 624 1759 si
662 1726 971 1774 perseveraret,
1007 1720 1210 1770 vincturi,
1247 1723 1502 1769 circumste-

80 1812 126 1836 11
141 1794 303 1847 tissent.
367 1790 648 1832 Nabarzanes
688 1788 866 1830 interim
903 1790 1091 1846 elapsus,
1127 1808 1232 1836 mox
1273 1803 1317 1836 et
1343 1798 1503 1841 Bessus

146 1863 452 1912 consecutus‚⁷
489 1861 650 1917 copias,
693 1861 850 1918 quibus
879 1871 1124 1917 praeerant,
1157 1880 1180 1906 a
1211 1875 1360 1910 cetero
1391 1873 1509 1911 eiter-

85 1938 236 1981 12citu
267 1933 469 1977 secedere
501 1932 664 1982 iubent,
705 1940 925 1975 secretum
953 1933 1099 1976 inituri
1132 1938 1372 1982 consilium.
1428 1943 1510 1984 Ar„

145 2009 326 2051 tabazus
367 2003 704 2046 convenientem
740 2007 959 2060 praesenti
1003 2007 1208 2050 fortunae
1244 2013 1510 2058 sententiam

149 2093 286 2129 orsus,
312 2075 510 2131 mitigare
546 2075 757 2126 Dareum,
795 2084 1050 2134 temporum
1080 2080 1324 2126 identidem
1359 2086 1513 2129 admo-

149 2165 271 2201 nens,
301 2147 466 2204 coepit:
489 2146 624 2188 ferret
648 2163 788 2205 aequo
821 2149 970 2191 animo
1001 2151 1385 2214 qualiumcunque,
1415 2174 1514 2201 suo-

153 2237 254 2264 rum
303 2229 471 2269 tamen,
521 2219 590 2261 vel
640 2220 888 2271 stultitiam,
935 2222 1001 2263 vel
1033 2239 1253 2272 errorem.
1345 2231 1516 2274 Instare

157 2293 453 2336 Alexandrum
488 2306 689 2348 gravem,
730 2292 899 2334 etiamsi
938 2309 1092 2338 omnes
1133 2308 1311 2354 praesto
1351 2311 1509 2345 essent:

158 2366 263 2422 quid
296 2364 515 2415 futurum,
552 2363 587 2407 si
625 2364 844 2422 persecuti
883 2364 1035 2423 fugam
1071 2368 1205 2426 ipsius
1246 2372 1520 2420 alienentur?

160 2492 180 2518 1
203 2492 318 2527 virtus
344 2491 457 2525 nihil.
686 2490 709 2519 2
747 2493 833 2526 sine
858 2494 980 2537 uncis,
1007 2494 1272 2533 indicantibus
1294 2500 1338 2534 id
1362 2504 1520 2539 verbum

254 2547 296 2580 in
322 2558 407 2580 mss.
435 2557 514 2580 non
537 2544 626 2592 legi.
835 2545 856 2576 3
881 2546 1065 2584 subesset.
1283 2558 1306 2587 4
1329 2564 1519 2603 optatum.

252 2600 272 2627 5
298 2599 419 2634 abest.
557 2599 578 2624 6
612 2610 663 2634 ex
685 2599 835 2636 emend.
867 2600 988 2636 codd.
1009 2603 1324 2650 deprecarentur
1344 2613 1523 2647 tristium

249 2664 307 2698 sp.
337 2652 462 2700 Vulgo
487 2653 665 2690 tristium.
866 2654 886 2684 7
914 2663 1078 2694 secutus.
