1703 2961
205 154 288 195 288
648 172 650 175 ·
669 147 727 204 Q.
758 146 964 191 CURTII
994 147 1134 190 RUFI

291 264 398 307 Inde
416 260 631 319 processit
655 260 911 304 Ecbolima:
951 267 993 302 et
1023 273 1126 302 cum
1161 260 1376 316 angustias
1400 258 1649 302 itinerisxn.
1702 272 1703 292 1

211 336 401 380 obsideri
437 348 492 376 xx
527 334 704 375 milibus
748 340 1022 374 armatorum
1070 333 1124 373 ab
1163 332 1326 374 Erice¹
1370 333 1566 390 quodam

213 409 507 465 comperisset,
541 407 709 463 gravius
747 420 903 462 agmen
941 406 1153 447 exercitus
1197 403 1352 446 Coeno
1403 405 1568 446 ducen-

213 484 320 524 dum
347 479 534 522 modicis
561 478 787 519 itineribus
816 478 1008 520 tradidit.
1047 481 1141 534 Ipse
1173 491 1446 533 praegressus
1467 492 1568 518 cum
1600 491 1620 512 2

211 554 436 596 funditore
467 567 516 593 ac
547 550 781 606 sagittario,
825 550 1065 592 deturbatis
1094 550 1167 606 qui
1198 549 1463 590 obsederant
1492 547 1571 588 sal-

212 635 322 676 tum,
353 623 634 681 sequentibus
658 637 702 664 se
734 622 869 678 copiis
896 624 1010 664 viam
1038 622 1156 664 fecit.
1211 621 1321 670 Indi,
1349 619 1436 661 sive
1465 620 1568 661 odio
1602 631 1621 660 3
1673 627 1674 630 ’

215 699 350 748 ducis,
381 697 467 739 sive
499 696 683 752 gratiam
713 694 921 736 victoris²
955 695 1117 743 inituri,
1148 694 1309 736 Ericen
1329 692 1572 749 fugientem

214 771 359 814 adorti
401 770 740 818 interemerunt,
783 774 1004 824 caputque
1045 767 1134 808 eius
1181 773 1311 823 atque
1355 780 1476 806 arma
1518 764 1572 805 ad

214 843 516 886 Alexandrum
549 839 811 881 detulerunt.
847 839 922 881 Ille
947 839 1069 880 facto
1100 838 1410 894 impunitatem
1441 838 1573 889 dedit,

215 915 436 957 honorem
467 912 694 969 denegavit
725 911 938 968 exemplo.

151 1016 205 1059 42
301 1016 416 1058 Hinc
458 1014 513 1056 ad
550 1013 717 1053 flumen
749 1013 908 1053 Indum
945 1011 1270 1055 sextisdecumis
1305 1011 1454 1054 castris
1481 1025 1577 1068 per·
1605 1024 1628 1049 4

215 1089 347 1137 venit,
380 1087 630 1142 omniaque,
657 1092 706 1125 ut
727 1094 1022 1141 praeceperat,
1050 1086 1103 1126 ad
1126 1084 1434 1127 traiiciendum
1455 1098 1579 1140 prae-

217 1167 370 1217 parata
406 1159 457 1199 ab
487 1157 812 1213 Hephaestione
840 1151 1044 1213 repperit.
1103 1158 1333 1213 Regnabat
1363 1156 1406 1197 in
1439 1172 1488 1197 ea
1514 1170 1579 1196 re-

219 1232 347 1289 gione
389 1229 600 1285 Omphis,
643 1229 715 1286 qui
759 1230 870 1285 patri
914 1246 1089 1286 quoque
1128 1229 1272 1270 fuerat
1313 1236 1468 1271 auctor
1506 1229 1579 1269 de-

220 1302 351 1344 dendi
383 1316 567 1357 regnum
607 1300 868 1341 Alexandro.
937 1302 995 1342 Et
1035 1304 1356 1357 postmortem
1387 1301 1579 1357 parentis
1613 1314 1629 1339 s

217 1375 382 1431 legatos
419 1373 609 1423 miserat,
655 1373 728 1429 qui
769 1373 1049 1414 consulerent
1085 1389 1199 1423 eum,
1240 1387 1420 1430 regnare
1450 1388 1494 1414 se
1520 1373 1582 1413 in-

218 1446 349 1488 terim
382 1445 533 1495 vellet,
578 1461 632 1486 an
680 1445 900 1501 privatum
952 1445 1144 1501 opperiri
1194 1445 1283 1486 eius
1331 1444 1582 1488 adventum.

218 1518 578 1574 Per1nissusque³
622 1524 673 1559 ut
711 1525 936 1574 regnaret,
981 1533 1072 1558 non
1124 1523 1275 1557 tamen
1324 1516 1388 1558 ius
1430 1516 1582 1557 datum
1614 1525 1637 1554 6

219 1605 432 1647 usurpare
464 1590 676 1630 sustinuit.
734 1593 776 1630 Is
809 1589 995 1645 benigne
1031 1589 1210 1646 quidem
1244 1595 1472 1642 exceperat
1499 1589 1584 1630 He-

219 1663 549 1719 phaestionem,
594 1662 834 1719 gratuitum
886 1661 1161 1701 frumentum
1207 1661 1343 1717 copiis
1382 1661 1470 1702 eius
1511 1661 1583 1702 ad·

219 1749 417 1782 mensus,
450 1749 542 1774 non
573 1741 723 1775 tamen
752 1733 789 1775 ei
823 1741 1087 1782 occurrerat,
1114 1748 1170 1774 ne
1193 1731 1324 1773 fidem
1349 1733 1473 1774 ullius
1503 1733 1583 1775 nisi

220 1807 330 1862 regis
371 1807 652 1860 experiretur.
720 1808 872 1862 Itaque
912 1805 1102 1846 venienti
1150 1804 1325 1846 obviam
1379 1821 1481 1846 cum
1519 1822 1585 1847 ar·
1620 1823 1635 1848 7

221 1886 343 1920 mato
375 1878 566 1918 exercitu
598 1892 788 1933 egressus
816 1886 897 1928 est;
929 1877 1146 1934 elephanti
1180 1893 1356 1934 quoque
1387 1893 1467 1934 per
1492 1893 1587 1929 mo*-

223 1950 318 1991 dica
349 1949 571 1990 intervalla
611 1951 801 1991 militum
836 1951 995 2008 agmini
1026 1950 1222 1999 immixti,
1256 1951 1410 2006 procul
1438 1951 1587 1992 castel-

221 2023 367 2063 lorum
407 2021 606 2064 fecerant
643 2024 848 2079 speciem.
916 2025 980 2065 Ac
1024 2024 1169 2080 primo
1209 2023 1453 2064 Alexander
1494 2039 1586 2065 non
1619 2040 1636 2067 8

223 2096 407 2142 socium,
438 2095 513 2135 sed
556 2095 729 2136 hostem
769 2097 1006 2138 adventare
1047 2096 1271 2139 credebat.
1331 2097 1512 2153 Iamque
1544 2104 1588 2137 et

223 2168 314 2223 ipse
347 2183 469 2208 arma
502 2167 661 2209 milites
693 2184 861 2225 capere,
896 2177 938 2210 et
968 2171 1131 2226 equites
1165 2168 1386 2210 discedere
1420 2169 1464 2209 in
1494 2183 1589 2210 cor-

223 2254 309 2280 nua
344 2241 537 2288 iusserat,
568 2244 782 2297 paratus⁴
808 2242 860 2281 ad
888 2257 1093 2297 pugnam.
1150 2242 1208 2281 At
1234 2241 1378 2289 Indus,
1411 2240 1586 2297 cognito

225 2313 525 2353 Macedonum
555 2327 715 2362 errore,
756 2313 877 2355 iussis
906 2315 1137 2355 subsistere
1169 2312 1333 2362 ceteris,
1367 2314 1457 2368 ipse
1489 2329 1592 2354 con-

228 2384 333 2425 citat
363 2399 540 2441 equum,
573 2401 659 2442 quo
687 2385 949 2426 vehebatur:
987 2385 1104 2426 idem
1142 2385 1388 2426 Alexander
1414 2401 1590 2442 quoque

226 2455 343 2506 fecit,
375 2457 460 2497 sive
492 2457 641 2508 hostis,
685 2457 770 2499 sive
815 2458 980 2499 amicus
1024 2465 1289 2508 occurreret,
1319 2458 1387 2498 vel'
1413 2473 1487 2499 sua
1512 2457 1592 2497 vir-

1488 2537 1593 2579 tute,
1700 2524 1703 2569 i

230 2598 248 2623 1
271 2599 403 2642 Eryce,
432 2607 472 2632 ee
496 2609 633 2644 postea
646 2601 821 2645 Erycem.
872 2601 891 2626 2
907 2601 1060 2636 victoris
1086 2602 1228 2648 tegis.
1277 2601 1296 2632 3
1314 2601 1590 2648 permissoque.
1700 2589 1703 2629 ³]

320 2655 342 2685 4
373 2661 535 2698 paratos.
