1703 2961
6 0 33 206 {l
447 89 529 130 DE
561 87 768 135 efls‘ris
797 85 968 130 ALEx.
998 87 1073 136 ιν,
1107 88 1170 128 13.
1437 89 1491 131 55

24 184 28 243 ‚⁵
126 204 275 248 xilium
314 208 420 251 erat,
457 200 529 257 qui
573 199 729 256 procul
765 196 961 239 hostium
1001 205 1239 253 conspectu
1282 199 1490 242 subibant

24 277 26 295 ¹
125 289 307 332 aquam,
345 272 607 329 occultoque
644 271 766 326 lapsu
808 270 862 311 ad
905 269 1071 311 molem
1113 283 1249 325 usque
1288 279 1488 328 penetra-

22 366 24 393 ι
122 347 252 395 bant,
297 344 483 386 falcibus
526 343 979 400 palmitesearborum
1019 340 1307 383 eminentium
1348 343 1404 385 ad
1442 358 1487 385 se

113 403 356 469 hahentes,
395 432 506 474 quae
547 415 620 456 ubi
654 422 829 456 secutae
857 421 992 462 erant,
1021 413 1230 469 pleraque
1258 415 1486 458 secum-in

120 489 395 546 profundum
437 488 620 530 dabant:
660 493 757 526 tum
796 486 958 528 levatos
995 499 1128 526 onere
1169 485 1336 541 stipites
1365 494 1487 536 trun-

121 577 284 618 cosque
326 560 537 602 arborum
577 558 695 599 haud
736 573 861 614 aegre
890 557 1204 598 moliebantur:
1239 558 1398 603 deinde
1422 567 1487 601 to-

15 634 19 695 i
116 639 216 673 tum
248 647 370 688 opus,
398 632 517 689 quod
558 630 775 686 stipitibus
806 629 954 672 fuerat
983 628 1193 680 innixum,
1222 629 1485 674 fundamen-

117 711 165 745 to
191 703 314 760 lapso
341 704 620 760 sequebatur.

0 780 15 832 {¹
55 791 99 815 ιι
198 777 344 832 Aegro
397 776 529 816 animi
576 773 846 824 Alexandro,
892 788 975 815 nec
1005 777 1019 800 ¹
1062 782 1380 830 perseveraret,
1423 789 1481 816 an

0 844 13 907 ἶ·
115 847 258 890 abiret
297 847 399 893 satis
441 855 579 897 certo,
601 849 621 872 ²
657 845 803 888 classis
833 844 984 902 Cypro
1017 846 1205 895 advenit,
1232 847 1479 904 eodemque

0 910 13 962 l!
115 928 319 976 tempore
367 917 587 962 Cleander
634 934 738 959 cum
780 918 962 961 Graecis
1000 917 1210 964 militibus
1247 920 1295 961 in
1327 919 1480 961 Asiam

0 970 11 1047 li
112 1006 255 1048 nuper
294 991 513 1041 advectus.
589 989 785 1031 Centum
827 997 872 1032 et
913 990 1142 1047 octoginta
1180 991 1390 1048 navigia³
1434 992 1480 1032 in

0 1043 10 1120 Ῑ
114 1064 203 1105 duo
241 1063 395 1104 dividit
433 1076 620 1104 cornua:
656 1061 832 1103 laevum
870 1061 1151 1117 Pnytagoras,
1188 1078 1265 1105 rex
1290 1063 1479 1121 Cyprio-

6 1125 7 1130 *
112 1149 238 1185 rum,
279 1149 383 1177 cum
414 1132 600 1175 Cratero
653 1132 876 1182 tuebatur,
904 1134 1203 1176 Alexandrum
1236 1135 1284 1177 in
1322 1126 1494 1178 dextro*

4 1171 8 1258 Ι
47 1222 92 1247 12
108 1205 433 1264 quinqueremis
472 1203 588 1260 regia
622 1204 824 1249 vehebat.
902 1206 997 1248 Nec
1027 1206 1170 1264 Tyrii,
1204 1222 1478 1265 quamquam

3 1262 6 1306 l
109 1279 292 1321 classem
326 1276 571 1325 habebant,
618 1276 710 1318 ausi
758 1278 911 1321 navale
951 1278 1062 1319 inire
1102 1286 1348 1321 certamen:
1398 1280 1478 1322 tris

109 1350 293 1409 omnino
319 1352 343 1378 4
384 1356 485 1391 ante
519 1348 611 1404 ipsa
651 1349 839 1392 moenia*
867 1358 1184 1408 opposuerunt,
1214 1351 1373 1409 quibus
1402 1367 1477 1394 rex

106 1424 315 1472 invectus,
343 1422 457 1478 ipsas
488 1420 710 1465 demersit.

0 1498 2 1553 l
44 1510 91 1539 13
177 1494 359 1536 Postera
379 1493 448 1536 die
474 1491 608 1533 classe
639 1492 696 1533 ad
725 1493 902 1535 moenia
932 1495 1128 1544 admota,
1156 1494 1352 1551 undique
1378 1493 1534 1536 tor-14

0 1562 1 1616 l
105 1566 268 1607 mentis
298 1573 341 1606 et
368 1562 558 1604 maxime
595 1563 784 1605 arietum
822 1565 951 1621 pulsu
985 1582 1138 1608 muros
1169 1567 1330 1624 quatit:
1356 1581 1469 1624 quos

107 1638 231 1692 Tyrii
267 1635 432 1692 raptim
469 1634 708 1676 obstructis
747 1635 856 1677 saxis
898 1636 1170 1688 refecerunt,
1220 1639 1479 1681 interiorem

107 1724 286 1767 quoque
319 1721 513 1758 murum,
555 1714 617 1757 ut,
654 1706 688 1747 si
716 1707 840 1762 prior
867 1707 1100 1762 fefellisset,
1132 1711 1204 1753 illo
1234 1727 1280 1753 se
1303 1719 1479 1754 tueren-

39 1800 88 1827 14
104 1789 187 1831 tur,
234 1779 431 1836 undique
477 1778 578 1820 orsi.
649 1778 740 1820 Sed
790 1780 986 1838 undique
1027 1782 1091 1825 vis
1128 1783 1233 1825 mali
1270 1784 1481 1841 urgebat:

104 1852 245 1895 moles
279 1852 395 1893 intra
433 1850 507 1892 teli
544 1851 712 1892 iactum
747 1860 854 1903 erat,
898 1852 1044 1896 classis
1080 1855 1260 1897 moenia
1291 1856 1478 1899 eircum-

105 1925 222 1975 ibat,
281 1922 479 1965 terrestri
526 1922 657 1964 simul
703 1923 936 1982 navalique
987 1925 1110 1969 clade
1159 1927 1477 1970 obruebantur.

108 1995 288 2052 Quippe
330 1994 471 2039 binas,
501 1995 803 2051 quadriremes
851 1997 1123 2040 Macedones
1165 2000 1283 2042 inter
1333 2016 1379 2043 se
1411 2001 1475 2044 ita

106 2068 351 2118 iunxerant,
390 2072 441 2107 ut
474 2081 634 2122 prorae
666 2067 977 2118 cohaererent,
1032 2086 1204 2129 puppes
1230 2072 1472 2125 intervallo,

46 2152 92 2189 1⁴5
111 2146 328 2197 quantum
373 2153 530 2192 capere
569 2147 786 2193 poterant,
826 2140 1052 2184 distarent.
1117 2144 1217 2186 Hoc
1253 2146 1475 2203 puppium

105 2211 391 2258 intervallum,
411 2212 624 2253 ‘antennis
656 2213 955 2270 asseribusque
986 2214 1138 2256 validis
1170 2215 1380 2274 deligatis,
1409 2234 1476 2260 su-

104 2298 271 2340 perque
308 2298 382 2325 eos
418 2285 629 2337 pontibus
668 2285 826 2335 stratis,
862 2285 936 2342 qui
975 2287 1162 2329 militem
1199 2290 1474 2342 sustinerent,

52 2387 57 2406 »-
106 2356 414 2411 impleverant:
469 2357 528 2399 sie
588 2358 820 2400 instructas
867 2358 1170 2414 quadriremes
1215 2362 1270 2405 ad
1315 2362 1475 2405 urbem

108 2527 129 2553 1
154 2535 190 2562 et
214 2534 353 2564 utrum.
511 2531 532 2556 2
556 2532 719 2568 incerto.
859 2533 879 2563 3
907 2534 969 2568 De
993 2537 1091 2568 coni.
1119 2533 1236 2570 codd.
1264 2536 1474 2584 navigium,

200 2582 310 2629 vulgo
335 2583 492 2620 navium
517 2586 687 2622 classem.
890 2587 913 2622 4
938 2588 1108 2624 triremes
1134 2601 1280 2632 omnes,
