1703 2961
499 98 974 159 PRAEFATIO.
1330 110 1428 142 xxv

67 226 208 272 ferax
246 223 496 269 bellorum
543 221 766 267 civilium
812 231 1018 282 tempus
1061 228 1305 266 secutum,
1336 229 1426 274 est,

67 295 366 353 priusquam
399 290 529 334 sessa
565 290 734 332 onmia
764 285 1019 348 Augustus
1053 285 1301 346 principis
1336 299 1429 327 no-

65 373 127 403 va
164 357 460 402 auctoritate
493 365 542 398 et
574 355 783 397 nomine
817 352 1263 413 complecteretur.
1332 349 1428 396 Ve-

67 438 179 469 rum
213 422 315 467 hoc
352 423 522 481 ipsum
557 418 828 464 adulatoriS
852 433 961 463 esse
981 416 1109 473 dico,
1141 417 1282 461 cuius
1307 430 1427 475 pro-

65 490 238 550 prium
271 498 346 531 est
380 488 571 546 ingrata
618 495 812 543 tegere,
858 482 919 528 ad
963 482 1194 528 feliciora
1232 495 1426 540 prope-

62 569 190 610 rare,
222 550 522 597 contrahere
557 551 729 607 tristia,
761 551 813 593 in
837 546 1130 593 'laetioribus
1154 546 1426 592 immorari.

183 619 371 676 -Itaque
414 631 521 660 non
567 612 713 667 video
762 614 883 674 quid
925 612 1193 674 impediat,
1231 612 1428 671 quomi-

62 698 185 738 nus,
248 684 378 727 sicut
413 681 556 726 multi
594 693 710 725 ante
754 695 848 724 nos
894 689 1203 724 censuerunt
1247 687 1295 721 et
1335 691 1428 720 nu-

64 763 160 808 per
187 746 315 792 Frid.
349 747 474 807 Aug.
513 744 738 793 XVolfius
776 747 828 790 in
861 746 994 790 notis
1031 743 1094 789 ad
1127 742 1430 789 Suetonium

65 824 113 858 et
149 815 200 858 in
233 811 396 873 praes.
433 810 495 856 ad
537 812 640 857 Cic.
680 810 1032 856 Mareellinam
1060 807 1427 870 pag.XXXllI,

67 890 116 923 et
149 877 283 923 idem
318 879 375 924 Α.
422 878 637 933 Hirtius,
676 877 739 936 Q.
778 877 1008 922 Curtium
1052 874 1244 919 Rufum
1271 872 1429 917 histo-

35 945 169 988 .riae
212 955 474 988 auctorem
527 941 746 987 eundem
791 957 901 986 esse
948 952 1224 985 statuamus
1278 950 1431 997 atque

57 1008 335 1065 rhetorem,
373 1009 515 1052 cuius
549 1009 650 1052 vita
689 1007 981 1052 aSuetonio
1022 1004 1277 1065 descripta
1312 1019 1431 1048 cum

63 1073 297 1134 pluribus
338 1074 446 1118 aliis
489 1071 765 1129 intercidit,
810 1070 900 1116 sed
939 1086 1132 1115 nomen
1170 1071 1224 1114 in
1258 1068 1431 1113 indice

53 1139 320 1184 clarorum
371 1138 696 1197 eloquentiae
745 1136 1132 1198 professorum,
1181 1136 1314 1179 inter
1354 1135 1426 1179 M.

63 1205 301 1250 Porcium
341 1203 620 1250 Latronem
663 1214 712 1248 et
742 1204 798 1248 L.
835 1202 1095 1250 Valerium
1133 1202 1429 1246 Primanum

62 1270 259 1332 legitur.
336 1269 517 1329 Neque
576 1269 713 1313 enim
767 1267 830 1313 ab
883 1284 942 1313 ea
994 1265 1324 1329 professione
1380 1276 1431 1312 et

63 1333 227 1380 aetate
257 1333 502 1390 dissentit,
536 1336 678 1379 cuius
714 1335 964 1395 imprimis
998 1333 1149 1379 velim
1178 1333 1433 1376 rationem

61 1399 253 1456 haberi,
288 1401 455 1445 Latini
476 1401 723 1445 sermonis
761 1400 813 1444 in
845 1399 948 1445 1106
986 1413 1145 1459 opere
1169 1395 1426 1442 condicio.

60 1466 194 1511 -Nam
219 1467 508 1510 orationum
533 1464 916 1510 scribendarum
951 1464 1202 1524 imprimis
1241 1460 1431 1506 studio—

65 1546 176 1575 sum
191 1529 342 1575 fuisse
359 1542 619 1575 auctorem
632 1528 781 1574 facile
795 1530 1060 1590 intelligas,
1076 1542 1250 1572 earum
1263 1538 1433 1571 autem

66 1606 204 1639 tanta
238 1598 309 1640 vis
347 1607 434 1650 est,
469 1606 606 1639 tanta
640 1593 881 1651 efficacia,
912 1596 996 1638 vix
1030 1605 1086 1637 ut
1122 1595 1176 1637 in
1210 1591 1313 1637 hoc
1347 1606 1430 1653 ge-

63 1674 188 1705 nere
223 1661 499 1720 quicquam
531 1661 873 1719 praestantius
911 1659 1123 1704 inveniri
1144 1673 1299 1717 posse
1322 1672 1431 1702 non

64 1725 188 1771 mihi
223 1724 391 1770 solum
430 1723 681 1780 videatur,
723 1723 811 1770 sed
844 1725 1024 1785 Lipsio
1061 1735 1110 1768 et
1142 1723 1429 1778 Perizonio,

65 1806 285 1851 quorum
323 1789 410 1835 hie
458 1791 512 1834 in
561 1790 735 1836 Curtio
781 1788 1038 1836 vindicato
1088 1805 1142 1849 p.
1182 1791 1224 1835 9.
1281 1788 1433 1832 diser-

64 1856 298 1914 tissimus,
341 1855 429 1901 ille
473 1857 524 1900 in
565 1856 699 1900 notis
744 1854 808 1900 ad
851 1854 939 1900 lib.
975 1856 1011 1900 Ι.
1058 1854 1258 1900 Politic.
1305 1869 1345 1898 6.
1385 1855 1430 1900 9.

63 1937 215 1982 supra
248 1937 395 1983 quam
424 1919 576 1966 dicere
602 1921 754 1980 possit
774 1917 1019 1984 facundas
1040 1919 1285 1981 appellat.
1317 1917 1432 1964 Ele-

65 1998 286 2048 gantlam
320 1998 490 2031 autem
529 2001 777 2031 sermonis
821 1987 1041 2031 universi
1086 1985 1304 2030 maiores
1338 1999 1432 2028 no-

65 2053 177 2109 stri,
222 2067 328 2096 non
374 2050 488 2097 dico
531 2050 732 2096 turbam
774 2053 1010 2107 istorum,
1052 2052 1141 2111 qui
1186 2048 1434 2111 quicquid

65 2132 129 2161 ex
173 2118 466 2177 antiquitate
508 2129 745 2177 superest
786 2119 839 2162 in
883 2117 1087 2162 coelum
1131 2117 1276 2176 quasi
1319 2130 1432 2160 eve-

63 2181 209 2238 hunt,
245 2181 336 2227 sed
369 2183 470 2242 ipsi
504 2183 772 2243 principes
807 2182 990 2227 harum
1014 2182 1295 2226 litterarum
1321 2192 1430 2225 tan-

63 2259 244 2308 topere
277 2246 506 2292 admirati
541 2259 682 2303 sunt,
718 2259 774 2292 ut
805 2263 915 2292 non
948 2247 1166 2292 multum
1204 2245 1267 2290 ab
1302 2247 1431 2290 inte-

64 2314 240 2374 gritate
277 2314 613 2358 Ciceroniana
635 2311 811 2358 abesse
834 2324 1116 2358 censerent.
1167 2312 1299 2358 Nam
1321 2312 1431 2371 qui-

70 2378 157 2422 bus
192 2376 344 2423 rebus
379 2379 730 2423 imminentem
766 2371 1049 2424 Latinitatis
1084 2376 1254 2422 labem
1276 2392 1430 2439 agno-

67 2444 277 2499 scimus,
319 2445 558 2504 poe‘ticae
600 2458 752 2489 voces
799 2445 853 2488 in
890 2459 1099 2504 prosam
1143 2443 1431 2488 orationem

65 2507 328 2565 inductae,
361 2509 729 2568 particularum
761 2511 832 2554 vis
862 2509 1117 2570 neglecta,
1150 2507 1287 2554 verbi
1321 2522 1430 2552 mo-

64 2573 247 2618 dorum
279 2585 675 2635 temporumque
708 2590 829 2620 usus
860 2576 1027 2620 minus
1060 2584 1341 2630 accuratus,
1375 2573 1430 2617 in
