1703 2961
387 149 467 189 DE
497 146 701 189 GES'rlS
729 145 896 186 ALEX.
924 145 1000 191 lV,
1031 142 1097 185 44.
1364 146 1417 186 85

10 237 13 310 ,Ι
68 264 268 320 placeret,
309 260 363 301 ad
402 257 630 300 consilium
672 256 815 297 refert.
879 256 965 297 Diu
997 270 1128 297 nemo
1159 254 1261 311 quid
1291 254 1416 296 senti-

10 326 49 380 ξιτ
67 341 130 374 ret
161 347 286 374 ausus
316 337 380 372 est
410 330 567 377 dicere,
598 329 761 370 incerta
795 328 901 384 regis
931 327 1165 368 voluntate.
1215 325 1412 366 Tandem

10 417 13 458 ᾗ
63 404 311 450 Parmenio,
350 410 450 443 ante
481 400 670 449 suasisse,
695 403 708 424 ¹
757 399 825 448 ait,
866 407 914 440 ut
953 398 1148 455 captivos
1179 397 1296 453 apud
1327 397 1413 438 Da-

10 478 11 490 ³
60 489 259 516 mascum
286 473 600 515 redimentibus
628 471 883 513 redderet:²
925 472 1144 527 ingentem
1178 467 1412 525 pecuniam

60 547 250 601 potuisse
280 545 413 601 redigi
446 560 495 585 ex
525 543 601 593 his,
627 545 644 572 ³
689 542 761 600 qui
793 543 916 584 multi
946 542 1077 584 vincti
1103 541 1296 582 virorum
1324 538 1409 580 for-

26 617 170 658 2tiurn
201 624 470 672 occuparent
491 618 513 641 ⁴
553 630 722 658 manus.
783 617 841 657 Et
871 631 987 656 nunc
1016 627 1283 669 magnopere
1313 626 1413 653 cen-

60 703 163 737 sere,
190 689 204 715 ⁵
240 694 288 728 ut
319 702 454 728 unam
486 701 618 727 anum
652 694 694 727 et
723 687 828 728 duas
844 686 1020 743 puellas,
1048 686 1256 726 itinerum
1280 680 1412 738 agmi-

57 775 252 816 numque
280 758 608 815 impedimenta,
641 758 812 814 triginta
836 759 1008 799 milibus
1034 756 1285 798 talentum⁶
1318 753 1410 794 auri

27 837 293 888 spermutet.
321 834 339 856 ⁷
403 830 620 887 Opimum
649 844 831 886 regnum
863 843 1080 885 occupare
1108 831 1124 856 ⁸
1153 842 1279 884 posse
1309 840 1412 867 con-

58 902 236 952 ditione,
261 917 352 943 non
381 903 509 950 bello,
539 918 620 943 nec
652 917 919 959 quemquam
951 901 1085 942 alium
1114 900 1227 940 inter
1249 899 1411 940 Istrum

55 982 100 1015 et
129 973 387 1030 Euphraten
415 975 653 1028 possedisse
682 981 819 1015 terras
848 973 1008 1030 ingenti
1041 970 1180 1027 spatio
1213 969 1411 1010 interval-

54 1045 184 1102 loque
222 1045 440 1088 discretas.
497 1046 808 1088 Macedoniam
849 1059 1024 1101 quoque
1051 1045 1198 1100 potius
1226 1040 1412 1097 respice—

54 1124 134 1167 ret,
156 1120 177 1144 9
211 1132 344 1174 quam
375 1120 533 1160 Bactra
568 1125 612 1158 et
640 1118 772 1159 Indos
801 1117 1058 1157 intueretur.
1125 1116 1297 1171 Ingrata
1315 1127 1412 1154 ora-

22 1189 116 1231 atio
148 1189 236 1245 regi
273 1188 370 1230 fuit.
422 1191 574 1246 Itaque
601 1196 650 1230 ut
693 1187 824 1229 finem
862 1188 1035 1230 dicendi
1063 1187 1182 1238 fecit,
1224 1189 1290 1227 Et
1316 1201 1410 1240 ego,

56 1261 209 1318 inquit,
236 1264 462 1316 pecuniam
512 1278 641 1316 quam
675 1263 858 1315 gloriam
897 1263 1078 1311 mallem,
1108 1263 1151 1301 si
1182 1261 1411 1302 Parmenio

54 1350 199 1374 essem.
261 1337 389 1376 Nunc
427 1336 691 1383 Alexander,
732 1335 785 1373 de
821 1344 1079 1388 paupertate
1118 1348 1288 1373 securus
1318 1349 1412 1373 sum

20 1417 96 1447 set
123 1423 186 1447 me
216 1422 300 1448 non
328 1418 605 1449 mercatorem
634 1409 807 1446 memini
833 1423 936 1455 esse,
968 1408 1045 1448 sed
1072 1421 1226 1460 regem.
1281 1406 1413 1446 Nihil

53 1481 226 1534 quidem
262 1481 393 1521 habeo
427 1481 592 1529 venale,
631 1481 708 1520 sed
727 1475 964 1535 fortunam
993 1496 1129 1519 meam
1158 1480 1306 1533 utique
1328 1494 1413 1519 non

54 1553 224 1593 vendo:
251 1555 456 1605 captivos
481 1555 522 1593 si
546 1553 694 1606 placet
718 1554 859 1600 reddi,
899 1555 1120 1594 honestius
1149 1553 1262 1593 dono
1292 1551 1414 1591 dabi-

21 1635 45 1675 6
56 1641 159 1673 mus,
189 1640 317 1680 quam
351 1627 495 1678 pretio
534 1628 811 1665 remittemus.
873 1623 1141 1665 Introductis
1169 1622 1326 1663 deinde
1354 1622 1413 1663 le-

53 1695 160 1754 gatis
189 1695 245 1736 ad
273 1694 392 1737 hunc
422 1695 610 1736 modum
641 1694 889 1750 respondit:
931 1699 1148 1737 Nuntiate
1170 1697 1336 1746 Dareo,
1364 1699 1408 1720 ¹0

57 1787 134 1818 me,
173 1784 280 1824 quae
303 1764 493 1825 fecerim
531 1770 756 1809 clementer
789 1778 834 1808 et
873 1769 1127 1818 liberaliter,
1155 1784 1239 1811 non
1267 1771 1411 1809 amici-

25 1845 144 1884 7tiae
177 1843 270 1882 eius
306 1841 523 1889 tribuisse,
562 1843 640 1882 sed
676 1850 856 1881 naturae
888 1857 1015 1884 meae.
1042 1843 1083 1864 ²¹
1124 1843 1295 1883 Bellum
1322 1857 1413 1882 cum

56 1915 250 1969 captivis
277 1922 322 1952 et
337 1910 527 1970 feminis
550 1929 694 1967 gerere
720 1930 804 1955 non
830 1915 972 1956 soleo:
1001 1925 1192 1956 armatus
1211 1917 1274 1956 sit
1291 1930 1413 1969 opor-

23 1997 136 2035 stet,
163 2001 284 2040 quem
315 1986 491 2026 oderim.
597 1987 769 2050 Quodsi
813 1989 966 2028 saltem
1002 2004 1152 2041 pacem
1187 1987 1413 2046 bonafide

55 2069 236 2115 peteret,
267 2057 543 2098 deliberarem
558 2055 780 2114 forsitan,
811 2077 865 2100 an
895 2062 1050 2100 darem.
1100 2062 1260 2103 Verum
1285 2063 1412 2101 enim-

17 2176 24 2182 ,
56 2148 174 2179 vero,
200 2147 292 2172 cum
324 2131 451 2170 modo
482 2131 645 2171 milites
680 2147 795 2174 meos
825 2134 989 2173 litteris
1019 2135 1077 2173 ad
1104 2136 1416 2187 proditionem,

57 2206 182 2248 modo
215 2205 375 2247 amicos
396 2204 455 2244 ad
471 2205 706 2257 perniciem
733 2222 868 2249 meam
895 2208 1078 2259 pecunia
1104 2208 1330 2258 sollicitet,
1356 2208 1415 2248 ad

55 2369 74 2393 1
98 2369 308 2402 suasissem.
395 2400 399 2403 ,
448 2367 467 2392 2
498 2368 686 2402 redderes.
827 2369 846 2399 3
877 2371 935 2404 iis.
1075 2372 1099 2404 4
1119 2376 1413 2415 occupaverant.

143 2423 163 2451 5
191 2431 398 2455 censerem.
507 2421 528 2446 6
555 2423 720 2457 talentis.
827 2424 845 2451 7
874 2429 1076 2469 permutes.
1170 2424 1189 2452 8
1217 2424 1412 2469 occupari.

144 2476 165 2503 9
192 2486 291 2521 resp.
318 2475 459 2520 potius.
709 2476 752 2501 10
786 2471 950 2511 additur
983 2478 1186 2523 gratiarum
1222 2477 1415 2511 actionem

150 2529 254 2577 apud
283 2528 433 2562 hostem
466 2539 783 2576 supervacaneam
820 2543 898 2564 esse
935 2538 983 2565 et.
1186 2532 1224 2554 11
1251 2530 1415 2563 additur

150 2593 222 2615 nec
268 2581 442 2617 adversus
497 2583 749 2627 calamitates,
800 2583 867 2617 sed
910 2585 1083 2620 adversus
1117 2584 1288 2619 hostium
1318 2583 1414 2618 vires

151 2632 395 2671 contendere.
