1703 2961
414 151 496 193 DE
529 150 732 194 GESTIS
764 154 930 197 ALEX.
957 158 1026 205 lu,
1059 159 1113 198 (20
1382 165 1435 204 35

89 265 220 307 verat,
259 258 390 311 iussit,
428 261 588 318 quippe
628 276 800 305 summa
840 265 1064 308 dumtaxat
1106 269 1214 311 cutis
1242 271 1285 313 in
1311 271 1435 315 semi-

38 343 58 371 3
88 345 142 371 ne
161 333 174 354 ¹
211 331 438 386 perstricta
461 348 550 374 non
570 332 836 390 prohibebat
853 337 1058 380 interesse
1079 342 1297 384 convivio:
1328 359 1430 386 cum

84 408 265 456 repente
297 417 320 444 e
350 404 550 460 proximo
589 404 870 450 tabernaculo
900 410 1090 466 lugubris
1123 412 1303 463 clamor,
1332 416 1431 458 bar-

82 471 192 513 baro
222 473 386 516 ululatu
418 475 681 533 planctuque
718 479 967 533 permixtus,
1007 482 1229 539 epulantes
1260 494 1429 529 conter-

83 543 184 587 ruit.
241 544 413 588 Cohors
452 561 640 604 quoque,
677 564 787 605 quae
821 552 1061 596 excubabat
1089 555 1143 596 ad
1172 556 1429 601 tabernacu-

82 613 173 656 lum
200 617 320 672 regis,
359 618 504 669 verita,
542 634 597 660 ne
636 619 813 662 maioris
841 631 987 666 motus
1016 626 1280 684 principium
1306 638 1427 681 essct,

28 693 53 717 4
83 700 252 727 armare
277 703 322 729 se
354 698 572 747 coeperat.
620 690 759 733 Causa
791 693 918 736 subiti
947 711 1031 752 pav
1035 698 1154 740 oris²
1183 699 1280 749 fuit,
1309 702 1428 759 quod

79 764 221 798 mater
243 774 435 817 uxorque
456 762 589 821 Darei
620 778 721 804 cum
752 766 930 820 captivis
972 768 1189 812 nobilibus
1212 772 1229 799 ³
1270 787 1430 830 regem,

81 844 213 885 quem
245 829 524 875 interfectum
564 849 652 875 esse
678 836 927 888 credebant,
960 839 1119 896 ingenti
1148 844 1310 898 gemitu
1343 846 1430 887 eiu·

31 902 49 930 ⁸
76 899 253 958 latuque
292 903 524 947 deflebant.
594 906 716 947 Unus
752 923 942 966 namque
974 926 995 951 c
1024 913 1199 967 captivis
1228 915 1430 971 spadoni-

78 970 172 1022 buS,
221 974 294 1030 qui
342 975 457 1017 forte
496 983 595 1018 ante
636 977 828 1034 ipsarum
868 981 1200 1025 tabernaculum
1241 993 1428 1034 steterat,

78 1042 328 1096 amiculum,
365 1047 484 1102 quod
513 1047 693 1099 Dareus,
723 1049 834 1091 sicut
861 1052 990 1107 paulo
1024 1062 1124 1095 ante
1155 1055 1321 1099 dictum
1351 1066 1429 1107 est,

76 1128 132 1154 ne
164 1114 281 1156 cultu
319 1118 599 1172 proderetur,
642 1120 873 1170 abiecerat,
914 1122 957 1163 in
993 1125 1191 1167 manibus
1222 1128 1323 1180 eius,
1354 1130 1428 1186 qui

76 1192 301 1240 repertum
341 1187 530 1241 serebat,
581 1193 774 1248 agnovit,
821 1201 1026 1251 ratusque
1075 1197 1307 1241 interfecto
1357 1202 1429 1243 de-

75 1262 269 1298 tractum
303 1273 413 1309 esse,
451 1260 609 1303 falsum
645 1264 847 1305 nuntium
882 1267 1038 1309 mortis
1079 1266 1168 1310 eius
1213 1271 1429 1314 attulerat.

27 1324 53 1354 ὅ
78 1327 176 1369 Hoc
216 1329 450 1372 mulierum
482 1325 630 1375 errore
673 1345 914 1392 comperto,
952 1338 1196 1382 Alexander
1222 1342 1428 1386 fortunae

73 1397 206 1439 Darei
242 1407 285 1441 et
324 1401 475 1456 pietati
507 1420 659 1447 earum
689 1407 963 1450 illacrimasse
986 1409 1137 1453 fertur.
1188 1414 1270 1456 Ae
1281 1416 1426 1471 primo

73 1469 354 1522 Mithrenem,
395 1475 469 1531 qui
509 1477 656 1519 Sardis
694 1479 947 1528 tradiderat,
971 1484 993 1508 4
1030 1485 1222 1538 peritum
1259 1486 1430 1542 linguae

27 1547 44 1575 ⁷
79 1541 291 1591 Persicae,
320 1546 335 1572 ⁵
380 1545 443 1587 ire
484 1548 539 1589 ad
581 1550 866 1592 consolandas
905 1567 974 1593 eas
1004 1553 1196 1600 iusserat.
1252 1558 1429 1602 Veritus

23 1645 26 1647 .
75 1612 248 1659 deinde,
287 1630 344 1655 ne
377 1619 580 1672 proditor
608 1622 880 1677 captivarum
908 1623 1017 1665 iram
1049 1626 1334 1686 doloremque
1363 1646 1428 1672 re·

73 1690 267 1731 novaret,
291 1686 312 1710 ⁶
340 1686 619 1731 Leonnatum
647 1708 696 1732 ex
718 1695 971 1750 purpuratis
998 1697 1082 1738 suis
1107 1699 1239 1747 misit,
1264 1700 1427 1742 iussum

73 1753 280 1806 indicare,
317 1755 426 1800 falso
459 1759 689 1804 lamentari
729 1780 798 1806 eas
823 1766 984 1807 vivum
1011 1771 1028 1793 ⁷
1086 1768 1161 1809 Ille
1191 1786 1292 1812 cum
1321 1788 1428 1829 pau-

76 1824 137 1868 cis
164 1826 387 1885 armigeris
415 1830 462 1872 in
490 1833 834 1887 tabernaculum,
873 1837 918 1878 in
947 1854 1034 1895 quo
1067 1842 1269 1897 captivae
1289 1851 1425 1894 erant,

25 1907 44 1935 8
74 1899 284 1954 pervenit,
322 1901 589 1961 missumque
627 1922 670 1948 se
711 1923 733 1948 a
766 1923 866 1964 rege
891 1910 1092 1952 nuntiare
1119 1913 1134 1938 ⁸
1179 1913 1312 1957 iubet.
1368 1917 1427 1957 At

72 1968 174 2019 hi‚9
219 1971 292 2027 qui
330 1974 374 2014 in
413 1976 624 2017 vestibulo
661 1988 796 2030 erant,
835 1988 883 2021 ut
922 1989 1113 2023 armatos
1150 2000 1423 2042 conspexere,

72 2040 155 2082 rati
186 2049 335 2084 actum
366 2060 455 2086 esse
480 2047 532 2087 de
561 2047 761 2099 dominis,
792 2051 836 2092 in
864 2053 1198 2097 tabernaculum
1229 2068 1424 2108 crurum,

72 2111 369 2166 vociferantes,
410 2116 557 2159 adesse
593 2134 845 2176 supremam
880 2124 1050 2175 horam,
1082 2127 1320 2187 missosque
1352 2132 1425 2188 qui

26 2199 49 2232 9
76 2184 330 2227 occiderent
379 2195 540 2244 captas.
611 2191 783 2247 ltaque,
834 2202 884 2235 ut
923 2212 1034 2252 quae
1072 2214 1154 2241 nec
1190 2201 1425 2257 prohibere

71 2262 262 2311 possent,
293 2272 376 2300 nec
405 2260 635 2302 admittere
667 2263 898 2315 auderent,
929 2268 1049 2310 nullo
1083 2285 1291 2327 responso
1310 2273 1411 2315 dato

36 2326 229 2369 otacitae
267 2329 610 2386 opperiebantur
645 2335 822 2378 victoris
859 2339 1103 2383 arbitrium.
1162 2344 1426 2390 Leonnatus,

76 2462 95 2486 1
129 2461 287 2497 femore.
511 2466 532 2492 2
563 2469 713 2514 pavoris
745 2472 874 2507 subiti.
1097 2475 1117 2508 3
1156 2488 1239 2512 cum
1269 2478 1425 2524 captivis

168 2516 460 2553 mulieribus
487 2522 696 2557 nobilibus.
815 2528 837 2558 4
862 2527 1093 2572 prodiderat.
1211 2534 1229 2560 5
1255 2534 1427 2567 Persicae

165 2567 330 2615 linguae.
532 2575 553 2599 6
569 2585 750 2620 gravaret.
939 2583 955 2609 7
986 2594 1046 2617 eas
1066 2585 1181 2619 Dari
1194 2598 1267 2619 um
1285 2587 1424 2621 vivum.

168 2621 186 2650 8
215 2634 236 2656 a
259 2635 344 2669 rege
381 2637 419 2659 se
444 2629 624 2663 nuntiari.
824 2635 846 2661 9
871 2635 911 2669 ii.

1126 2699 1163 2741 (2
