1703 2961
252 139 338 180 192
723 136 780 194 Q.
813 136 1019 180 CURTu
1049 136 1190 179 mm

253 257 409 292 onusta
439 249 543 292 totis
568 250 673 293 vicis
701 250 882 298 stetisse,
920 266 969 292 ac
1003 264 1057 290 ne
1081 249 1134 289 'm
1161 247 1398 290 viciniam¹
1437 250 1620 307 quidem

255 322 483 364 diversorii
526 338 798 379 quemquam
837 322 1195 363 commilitonum
1239 329 1469 378 receptum
1519 338 1622 373 esse,

255 396 330 436 sed
376 411 459 451 per
505 394 751 449 dispositos,
805 410 915 452 quos
952 396 1115 450 supra²
1168 407 1374 434 somnum
1416 393 1622 444 habebat,
1696 443 1697 448 ¹

255 482 412 511 ¹omnes
437 466 591 521 procul
625 465 850 521 relegatos,
883 482 937 508 ne
959 465 1122 506 femina
1151 463 1219 505 illa
1250 466 1626 507 murmurantium
1665 497 1668 503 .

257 540 371 581 inter
408 554 452 579 se
491 538 660 586 silentio
701 538 853 587 verius,
883 553 1017 595 quam
1048 551 1171 585 sone,
1203 536 1478 577 excitaretur.
1538 537 1624 578 Lu—

216 618 220 619 ’
256 612 400 653 dibi-io
439 609 475 650 ei
515 609 646 650 fuisse
684 609 870 650 rusticos
907 610 1121 658 homines,
1165 608 1444 665 Phrygasque
1476 615 1521 649 et
1543 608 1624 649 Pa-

256 684 496 739 phlagonas
534 680 796 738 appellatos:
838 683 910 738 qui
947 697 1038 721 non
1085 680 1384 729 erubesceret,
1431 680 1622 722 Macedo
1660 713 1670 738 Ξ

255 762 401 802 natus,
438 753 642 794 homines
676 753 846 809 linguae
883 768 984 794 suae
1024 765 1103 807 per
1138 752 1424 807 interpretem
1454 753 1620 794 audire.

255 826 420 870 Nunc³
467 840 546 866 cur
579 826 851 867 Ammonem
887 824 1053 866 consuli
1090 823 1240 864 vellet?
1279 824 1471 866 eundem
1508 824 1622 866 Iovis

257 900 446 957 arguisse
483 897 786 948 mendacium,
827 896 1125 940 Alexandrum
1168 894 1304 937 filium
1337 897 1622 952 agnoscentis,

257 972 422 1014 scilicet
455 969 656 1019 veritum,
693 985 748 1010 ne
783 969 1046 1010 invidiosum
1083 975 1204 1019 esset,
1244 968 1367 1025 quod·
1406 968 1465 1010 dii
1494 967 1625 1010 offer-

257 1052 369 1086 rent.
425 1043 542 1085 Cum
560 1041 837 1101 insidiaretur
865 1041 995 1097 capiti
1026 1041 1135 1097 regis
1165 1047 1209 1082 et
1237 1040 1390 1096 amici,
1408 1055 1501 1082 non
1521 1056 1624 1083 con-

257 1116 434 1159 suluisse
465 1129 568 1156 eum
599 1115 768 1163 Iovem:
798 1129 916 1155 nunc
946 1114 1001 1155 ad
1033 1113 1261 1156 oraculum
1292 1113 1482 1161 mittere,
1513 1112 1622 1153 'dum

257 1196 385 1247 pater
424 1187 513 1228 eius
555 1185 860 1235 sollicitetur‚4
906 1186 980 1241 qui
1021 1184 1182 1241 praesit
1215 1185 1258 1225 in
1298 1184 1446 1225 Media
1479 1191 1523 1225 et
1551 1201 1623 1240 pe-

258 1261 399 1310 cunia,
434 1259 554 1300 cuius
585 1257 785 1300 custodia
821 1257 1054 1299 commissa
1095 1256 1163 1304 sit,
1194 1256 1390 1312 perditos
1418 1256 1621 1297 homines

256 1333 313 1374 ad
362 1331 618 1373 societatem
656 1329 825 1371 sceleris
860 1329 1068 1384 impellat.
1152 1330 1278 1384 Ipsos
1318 1328 1526 1369 missuros
1564 1328 1618 1369 ad

256 1403 500 1450 oraculum,
539 1417 631 1442 non
672 1402 746 1459 qui
784 1405 936 1442 Iovem
975 1400 1258 1456 interrogent,
1289 1399 1409 1455 quod
1441 1415 1491 1440 ex
1520 1415 1621 1457 rege

255 1477 552 1533 cognoverint,
583 1474 659 1516 sed
691 1474 764 1531 qui
790 1474 949 1529 gratias
981 1480 1122 1528 agant,
1154 1472 1227 1529 qui
1257 1478 1357 1511 vota
1388 1486 1470 1526 pro
1501 1472 1622 1515 inco-

252 1547 451 1588 lumitate
481 1546 589 1603 regis
619 1546 776 1603 optimi
805 1546 1068 1603 persolvant.
1134 1545 1251 1584 Tum
1282 1557 1385 1584 vero
1420 1545 1618 1586 universa

255 1618 406 1661 contio
444 1633 626 1660 accensa
663 1625 738 1669 est,
776 1626 821 1660 et
863 1634 885 1659 a
920 1617 1118 1674 corporis
1150 1615 1405 1657 custodibus
1443 1617 1619 1659 initium

252 1690 447 1739 factum,
489 1690 799 1740 clamantibus,
844 1688 1184 1746 discerpendum
1229 1702 1320 1728 esse
1351 1689 1619 1745 parricidam

253 1763 458 1804 manibus
501 1777 669 1804 eorum.
752 1761 802 1802 Id
835 1761 1014 1818 quidem
1057 1760 1272 1810 Philotas,
1317 1761 1390 1817 qui
1420 1762 1618 1817 graviora

255 1835 465 1892 supplicia
499 1841 727 1882 metueret,
758 1832 877 1873 haud
907 1848 1008 1873 sane
1039 1833 1188 1889 iniquo
1220 1833 1367 1873 animo
1399 1833 1616 1874 audiebat.

191 1922 245 1968 42
339 1907 433 1947 Rex
465 1905 509 1946 in
553 1905 807 1947 contionem
849 1919 1054 1954 reversus,
1096 1904 1182 1945 sive
1227 1911 1277 1945 ut
1326 1904 1371 1945 in
1421 1906 1618 1947 custodia

254 1994 429 2038 quoque
456 1986 697 2034 torqueret,
728 1978 814 2018 sive
847 1984 896 2017 ut
925 1976 1169 2032 diligentius
1191 1984 1350 2017 cuneta
1381 1992 1618 2033 cognosce-

253 2060 334 2100 ret,
377 2050 615 2093 concilium
653 2049 697 2090 in
730 2056 959 2106 posterum
1002 2048 1120 2089 diem
1157 2048 1338 2090 distulit:
1386 2056 1429 2090 et
1466 2065 1617 2106 quam-

253 2139 386 2182 quam
413 2123 456 2162 in
483 2137 709 2179 vesperam
739 2120 978 2163 inclinabat
1009 2121 1109 2170 dies,
1142 2128 1292 2161 tamen
1322 2120 1486 2162 amicos
1514 2137 1615 2162 con-

252 2196 400 2238 vocari
432 2195 566 2236 iubet.
631 2194 690 2235 Et
731 2193 884 2235 ceteris
926 2193 1104 2250 quidem
1143 2192 1367 2249 placebat,
1407 2191 1618 2233 Macedo·
1658 2216 1675 2232 ,0

253 2284 363 2310 num
395 2283 520 2309 more
562 2265 690 2307 obrui
727 2265 854 2316 saxis,
892 2265 1192 2322 Hephaestion
1221 2272 1366 2305 autem
1397 2270 1440 2304 et
1465 2262 1616 2305 Crate-

255 2356 328 2382 rus
364 2347 407 2381 et
438 2339 615 2381 Coenus
646 2338 878 2379 tormentis
907 2338 1134 2379 veritatem
1165 2336 1497 2393 exprimendam
1529 2351 1618 2378 esse

257 2412 473 2460 dixerunt,
496 2419 538 2453 et
567 2411 624 2452 illi
655 2426 845 2468 quoque,
876 2410 950 2468 qui
981 2410 1099 2452 aliud
1126 2415 1362 2458 suaserant,
1391 2408 1435 2448 in
1455 2407 1617 2449 horum

1524 2494 1618 2520 sen-

256 2595 275 2621 1
299 2595 441 2629 vicina.
644 2593 665 2620 2
692 2593 752 2627 ad.
953 2592 974 2623 3
990 2594 1052 2628 De
1077 2595 1235 2629 coniecc.
1265 2590 1382 2629 Codd.
1410 2601 1473 2635 ne,
1508 2589 1617 2635 vulgo

346 2648 466 2715 ab'esc.
670 2648 693 2679 4
713 2633 993 2682 sollicitarem.
