1703 2961
385 135 466 178 DE
497 132 702 178 GESTIS
728 133 897 176 ALEX.
930 134 1023 182 Vll,
1053 135 1093 176 S.
1343 137 1425 178 209
1477 128 1480 132 ⁴

65 246 217 290 litteris
247 247 524 303 cogniturum
557 260 646 287 esse
676 245 915 300 respondit.
954 245 1127 300 Quibus
1156 246 1422 291 Parmenion

63 320 192 368 lectis,
222 322 338 369 Rex,
369 320 522 376 inquit,
552 319 873 373 expedicionem
900 329 1035 372 parat
1072 321 1118 359 in
1144 322 1419 362 Arachosios.

64 395 288 434 Strenuum
322 388 532 434 hominem
565 403 609 433 ec
645 382 858 445 nunquam
888 394 1150 432 cessantem!
1203 393 1289 432 Sed
1318 404 1419 434 cem-

3 479 140 519 2771115
169 467 306 506 salaai
337 482 451 512 suae,
484 475 614 506 tanta
640 466 728 504 iam
757 472 893 517 parca
917 465 1075 517 gloria,
1105 478 1293 516 parcere.
1348 465 1420 505 Al-

0 543 1 600 l
62 543 201 577 teram
246 537 402 578 deinde
446 537 696 593 epistolam,
741 535 938 576 Philotae
977 534 1158 576 nomine
1208 535 1418 592 scriptam

59 607 208 657 laetus,
248 608 366 664 quod
406 623 455 649 ex
485 608 606 649 vultu
642 606 785 647 notari
824 613 1012 662 poterat,
1049 605 1231 662 legebat.
1301 609 1414 649 'rum

0 672 2 697 '
58 678 148 719 eius
195 679 306 720 latus
351 677 494 734 gladio
542 677 688 719 haurit
728 677 964 728 Cleander,
1016 677 1174 719 deinde
1222 677 1414 735 iugulum

0 716 2 736 l

0 748 14 780 l·
58 748 182 798 ferit;
214 751 345 791 ceteri
371 749 656 790 exanimum¹
695 765 871 807 quoque
914 748 1188 791 confodiunt.

7 833 42 860 ιε
143 822 203 862 Et
238 820 460 877 armigeri,
500 823 573 878 qui
610 821 665 862 ad
712 822 881 862 aditum
935 822 1130 863 nemoris
1173 822 1411 871 astiterant,

57 890 230 948 cognita
263 892 408 941 caede,
440 892 560 933 cuius
591 908 718 934 causa
750 893 1044 949 ignorabatur,
1075 893 1119 934 in
1151 901 1291 936 castra
1319 909 1415 950 pei-⁴

8 977 41 1008 29
58 963 249 1013 veniunt,
279 970 322 1004 et
365 963 638 1005 tumultuoso
680 965 835 1005 nuntio
867 965 1026 1005 milites
1057 965 1295 1007 concitant.
1352 965 1412 1006 llli

56 1035 211 1076 armati
253 1034 309 1075 ad
352 1050 531 1085 nemus,
574 1035 618 1075 in
671 1051 759 1091 quo
806 1041 1055 1091 perpetrata
1104 1037 1259 1077 caedes
1305 1043 1413 1083 erat,

56 1113 239 1149 cocunt:
279 1114 333 1156 et,
373 1106 418 1147 ni
455 1107 737 1163 Polydamas,
780 1106 1001 1162 ceterique
1040 1106 1236 1148 eiusdem
1273 1122 1412 1149 noxae

12 1170 14 1174 ‚
52 1178 286 1235 participes
312 1178 541 1226 dedantur,
560 1193 738 1219 murum
763 1177 1088 1220 circumdatum
1108 1179 1280 1220 nemori
1296 1194 1413 1221 ever-

53 1265 175 1295 suros
208 1250 480 1300 denuntiant,
523 1250 812 1306 omniumque
842 1249 1048 1306 sanguine
1079 1251 1179 1292 duci
1210 1259 1412 1308 parenta-

17 1329 186 1362 oturos.
241 1319 461 1363 Cleander
485 1322 701 1378 primores
731 1336 885 1362 eorum
915 1321 1150 1363 intromitti
1182 1322 1314 1374 iubet,
1345 1323 1411 1366 lit-

55 1400 255 1449 terasque
295 1394 404 1449 regis
433 1394 613 1449 scriptas
650 1393 705 1434 ad
746 1393 904 1434 milites
930 1393 1098 1444 recitat,
1126 1394 1284 1450 quibus
1310 1395 1410 1436 insi-⁴

56 1465 151 1505 diae
194 1466 492 1506 Parmenionis
521 1466 565 1506 in
593 1479 754 1521 regem,
790 1479 1041 1523 precesque,
1072 1472 1122 1506 ut
1151 1465 1293 1521 ipsum
1320 1467 1411 1507 vin-⁴

22 1535 266 1584 1dicarent,
303 1536 657 1580 continebantur.
728 1536 863 1594 Igitur
901 1537 1075 1594 cognita
1111 1536 1222 1592 regis
1258 1537 1410 1579 volun*

54 1615 144 1648 tate
174 1623 265 1649 non
304 1608 484 1666 quidem
522 1607 777 1665 indignatio,
817 1608 893 1650 sed
924 1615 1075 1650 tamen
1106 1607 1260 1650 seditio
1291 1625 1411 1651 com-

52 1694 196 1736 pressa
227 1687 303 1720 est.
373 1680 560 1735 Dilapsis
588 1679 784 1736 pluribus
811 1680 939 1735 pauci
968 1687 1289 1729 remanserunt,
1321 1682 1407 1738 qui,

54 1751 206 1792 saltem
239 1758 292 1792 ut:
329 1766 489 1809 corpus
524 1751 656 1809 ipsius
696 1752 874 1806 sepelire
912 1751 1231 1808 permitterent,
1258 1767 1410 1809 preca-

21 1823 226 1866 abantur.
289 1823 378 1864 Diu
414 1824 459 1865 id
493 1831 701 1880 negatum
740 1831 814 1874 est,
858 1822 1065 1865 Cleandri
1091 1830 1227 1873 metu,
1259 1839 1314 1865 ne
1346 1824 1409 1865 of·

52 1895 253 1937 senderet
282 1910 442 1952 regem.
510 1895 781 1937 Pertinacius
813 1895 969 1937 deinde
997 1895 1288 1950 precantibus,
1317 1912 1408 1938 ma⁴

50 1967 207 2010 teriem
238 1966 603 2009 consternationis
632 1965 977 2008 subtrahendam
1003 1974 1136 2015 ratus,
1164 1968 1305 2022 capite
1335 1968 1407 2010 de—

24 2040 142 2083 sciso
174 2046 382 2080 truncum
412 2038 597 2079 humare
625 2038 836 2095 permisit.
876 2039 943 2080 Ad
971 2052 1120 2094 regem
1150 2047 1283 2095 caput
1308 2040 1408 2082 mis*

49 2127 147 2154 sum
174 2119 252 2153 est.

133 2185 218 2226 Hic
249 2182 385 2225 exitus
414 2181 719 2224 Parmenionis
749 2181 845 2232 fuit,
871 2181 1053 2223 militiae
1075 2181 1284 2240 domique
1302 2183 1407 2226 clari

49 2256 139 2298 viri.
186 2256 327 2298 Multa
360 2255 450 2297 sine
479 2270 578 2312 rege
611 2269 836 2311 prospere,
862 2269 937 2295 rex
964 2248 1054 2295 sine
1085 2253 1158 2295 illo
1187 2255 1294 2296 nihil
1315 2271 1408 2298 ma-

50 2343 159 2385 gnae
188 2327 250 2369 rei
279 2334 481 2384 gesserat.
550 2327 816 2370 Felicissimo
858 2326 960 2384 regi,
990 2334 1034 2368 et
1062 2327 1208 2368 omnia
1239 2327 1293 2369 ad
1319 2327 1408 2369 for-

50 2406 184 2441 tunae
214 2414 315 2441 suae
340 2399 523 2455 exigenti
551 2400 754 2449 modum,
788 2399 1006 2442 satisfecit.
1066 2412 1148 2440 Lxx
1175 2406 1302 2441 natus
1334 2414 1407 2441 an-

51 2485 146 2521 nos,
178 2469 343 2513 iuvenis
370 2471 492 2514 ducis
523 2478 567 2514 et
605 2487 735 2529 saepe
765 2472 895 2515 etiam
925 2471 1110 2529 gregarii
1137 2470 1292 2516 militis„
1312 2485 1407 2513 mu-

24 2669 25 2676 *
53 2627 72 2652 1
98 2627 319 2662 exanimem.

1099 2688 1142 2730 Ο

1451 826 1475 867 *Ὁ
