1703 2961
210 825 254 863 {2

264 142 338 182 106
720 135 777 193 Q.
809 136 1011 180 cumn
1050 137 1189 180 num
1224 142 1227 145 ·

261 266 385 293 suam
417 264 639 308 quemque
676 248 841 291 habere
875 249 1116 292 fortunam.
1173 249 1217 293 Si
1252 251 1398 293 venire
1427 266 1471 294 se
1503 252 1623 294 iube-
1655 268 1659 272 ‘

261 323 342 370 ret,
376 323 467 364 sine
497 330 619 364 metu
648 337 737 363 esse
768 328 1016 364 venturum.
1073 323 1176 365 Non
1205 323 1373 371 timere,
1406 340 1460 365 ne
1490 324 1622 365 fidem

264 396 413 436 ‹latam
445 402 594 436 tantus
625 409 699 436 rex
735 393 938 436 violaret:
976 394 1082 435 deos
1115 410 1138 436 a
1173 395 1255 436 deo
1286 395 1372 436 salli
1400 411 1488 436 non
1519 396 1626 437 sole-

265 477 331 508 rcae'
387 463 598 508 Ceterum
626 466 674 513 si,
704 466 773 508 cui
814 464 946 508 fidem
985 467 1131 516 daret,
1160 467 1381 509 videretur
1408 466 1619 523 indignuS,
1645 483 1690 512 13

263 537 399 579 multa
442 538 564 579 exilia
595 545 747 594 patere
776 537 980 595 fugienti:
1023 539 1209 595 patriam
1243 554 1348 587 esse,
1374 538 1626 595 ubicunque

262 610 328 652 vit·
355 609 481 650 fortis
514 610 662 651 sedem
695 609 808 651 sibi¹
845 610 1030 666 elegerit.
1091 612 1186 653 Nec
1216 612 1431 653 dubitavit
1448 611 1692 656 Alexan-14

263 681 361 729 der,
394 680 551 732 fidem,
593 697 683 739 quo
723 682 877 723 Persae
916 683 1054 724 modo
1094 682 1382 740 accipiebant,
1417 682 1536 731 dare,
1565 683 1628 724 in-

263 752 490 800 violatum,
519 753 553 796 si
587 755 785 804 venisset,
815 752 925 795 fore.

347 825 579 880 Quadrato
608 827 758 867 tamen
791 826 962 881 agmine
994 834 1039 867 et
1068 826 1314 882 composito
1345 826 1448 876 ibat,
1479 841 1629 883 specu-

263 897 422 939 latores
452 897 636 940 subinde
663 898 961 955 praemittens‚
992 898 1064 956 qui
1095 898 1373 954 explorarent
1400 899 1510 939 loca.
1558 900 1703 943 Le—1s}

262 967 324 1009 vis
353 976 576 1012 armatura
621 970 813 1012 ducebat
851 985 1028 1029 agmen,
1072 969 1261 1027 phalanx
1298 985 1395 1011 eam
1424 971 1631 1028 sequeba-
1702 965 1703 969 ¹

265 1047 348 1090 tur,
379 1049 482 1098 post
522 1042 689 1100 pedites
732 1051 858 1084 erant
898 1042 1230 1100 impedi-menta.
1290 1041 1349 1083 Et
1381 1057 1484 1100 gens
1514 1043 1633 1084 belli·
1669 1053 1673 1056 ’
1702 1043 1703 1057 ¹

266 1127 366 1153 cosa
399 1120 443 1154 et
471 1116 687 1155 naturae²
723 1114 831 1155 situs
863 1115 1051 1158 difficilis
1081 1115 1202 1156 aditu
1235 1128 1388 1157 curam
1431 1115 1540 1171 regis
1570 1115 1632 1156 in-
1700 1082 1703 1150 l

265 1184 480 1226 tenderat.
539 1187 993 1243 Namque-perpetua
1032 1187 1161 1228 valles
1184 1187 1200 1215 3
1245 1186 1368 1237 iacet,
1412 1202 1547 1243 usque
1574 1187 1627 1227 ad
1647 1177 1703 1232 165¹

264 1269 386 1295 mare
417 1255 629 1313 Caspium
658 1263 825 1313 patens.
880 1259 983 1299 Duo
1012 1266 1155 1299 terrae
1188 1259 1279 1299 eius
1304 1258 1423 1298 velut
1450 1258 1630 1299 brachia
1700 1243 1703 1318 ;

265 1336 521 1370 excurrunt:
561 1322 706 1370 media
739 1329 861 1370 flexu
898 1330 1079 1371 modico
1116 1330 1260 1371 sinum
1289 1328 1469 1375 faciunt,
1505 1330 1632 1370 lunae
1698 1322 1703 1389 l

264 1398 453 1440 maxime
482 1400 682 1449 similem,
713 1416 818 1445 cum
837 1402 1034 1443 eminent
1060 1417 1240 1448 cornua,
1271 1401 1472 1442 nondum
1487 1407 1633 1441 totum
1697 1395 1703 1460 ξ

266 1471 422 1513 orbem
451 1473 591 1513 sidere
620 1471 843 1527 implente.
897 1471 1112 1515 Cercetae
1143 1475 1222 1513 et4
1251 1472 1425 1528 Mosyni
1458 1481 1500 1513 et
1520 1471 1635 1514 Cha·
1653 1467 1703 1527 12⁷⁵

267 1542 387 1600 lybes
418 1541 438 1583 a
468 1544 585 1585 laeva
618 1551 730 1595 sunt,
763 1545 818 1586 ab
849 1545 980 1587 altera
1009 1552 1135 1602 parte
1165 1540 1401 1602 Leucosyri
1434 1552 1478 1585 et
1505 1547 1636 1586 Ama*
1696 1547 1703 1607 j,

1696 1613 1703 1638 §l

266 1631 429 1656 zonum
468 1620 637 1673 campi3
676 1624 719 1658 ct
748 1616 842 1659 illos
878 1631 964 1673 qua
998 1616 1137 1673 vergit
1176 1615 1231 1656 ad
1259 1615 1633 1672 Septentrionem,

267 1686 348 1728 hos
377 1688 431 1728 ad
460 1703 666 1731 occasum
706 1703 914 1730 conversa
945 1694 1212 1746 prospectat.
1267 1688 1392 1729 Mare
1412 1688 1634 1745 Caspium,
1652 1704 1691 1734 τέ

269 1758 437 1801 dulcius
478 1761 650 1810 ceteris,
691 1761 877 1819 ingentis
918 1758 1231 1816 magnitudinis
1271 1768 1494 1816 serpentes
1545 1761 1638 1814 alit;

267 1830 454 1886 piscium
485 1833 530 1874 in
563 1849 615 1876 eo
644 1834 771 1891 longe
803 1834 996 1875 diversus
1027 1831 1081 1872 ab
1101 1830 1192 1872 aliis
1222 1831 1346 1873 color
1375 1840 1451 1874 est.
1472 1834 1486 1860 ⁵
1532 1833 1639 1888 Qui·
1674 1855 1676 1858 >

270 1903 373 1944 flam
422 1904 658 1962 Caspium,
701 1906 882 1963 quidam
919 1902 1226 1960 Hyrcanium⁶
1267 1905 1512 1961 appellant:
1568 1904 1639 1946 alii

270 1983 382 2025 sunt,
418 1977 489 2033 qui
529 1978 803 2019 Maeotiam⁷
845 1972 1134 2034 paludem'in
1183 1976 1226 2017 id
1266 1973 1422 2018 cadere
1460 1983 1638 2034 putent:
1694 2022 1697 2045 Ι

271 2054 315 2087 ct
341 2059 651 2105 argumentum
696 2049 909 2099 afferunt,
949 2063 1132 2107 aquam,
1173 2049 1324 2105 quod⁸
1367 2049 1539 2091 dulcior
1568 2049 1636 2093 sit,
1693 2055 1697 2085 ἰ

271 2135 404 2176 quam
437 2131 580 2164 cetera
619 2122 766 2171 maria,
802 2123 946 2164 infuso
977 2121 1146 2178 paludis
1175 2119 1365 2163 humore
1393 2122 1635 2163 mitescere.
1692 2119 1696 2138 ¹

274 2193 310 2239 Α
344 2192 654 2250 Septentrione
693 2195 842 2251 ingens
879 2195 922 2236 in
954 2195 1051 2235 litus
1081 2208 1204 2234 mare
1234 2194 1462 2244 incumbit,
1494 2194 1696 2253 longe-153

275 2279 358 2321 que
399 2267 486 2324 agit
527 2267 707 2318 fluctus,
749 2275 792 2309 et
833 2282 993 2324 magna
1023 2273 1148 2323 parte
1177 2273 1427 2308 exaestuans
1454 2274 1637 2324 stagnat.
1669 2263 1694 2318 ¹

367 2426 437 2460 hus
464 2427 608 2461 verbis.-
646 2428 713 2462 sed
748 2439 792 2462 ea
823 2428 940 2473 magis
975 2438 1053 2461 esse
1081 2434 1265 2470 secutum,
1294 2439 1418 2474 quae
1445 2429 1638 2473 coegis-
1690 2439 1691 2461 1

368 2488 435 2514 set
464 2483 750 2525 necessitas,
778 2493 832 2528 qu
847 2494 914 2515 am
943 2494 1039 2527 quae
1068 2488 1244 2527 optasset.
1469 2483 1485 2506 1
1515 2482 1636 2516 abest.
1690 2508 1691 2516 1

368 2535 387 2559 2
417 2543 563 2569 natura.
728 2538 746 2567 3
772 2537 894 2570 vallis.
1097 2537 1118 2568 4
1147 2535 1269 2569 abest.
1472 2537 1492 2565 5
1517 2537 1638 2582 pisces
1663 2546 1690 2558 ··

367 2589 481 2632 longe
514 2589 649 2623 diversi
685 2591 732 2624 ab
768 2591 852 2624 aliis
881 2591 1032 2624 coloris.
1356 2588 1378 2615 5
1404 2591 1635 2636 Hyrcanum.

366 2643 381 2670 7
407 2645 607 2678 Maeotim.
809 2646 827 2673 8
863 2657 956 2691 quo.
