1703 2961
229 46 303 90 ιω.
665 60 720 112 Q.
757 58 960 104 cun'ru
990 64 1128 109 nuri

223 160 354 202 venit.
414 162 652 210 Refrenare
693 183 828 228 equos
856 173 966 225 iussi,
998 177 1070 234 qui
1096 178 1377 237 vehebantur,
1406 202 1580 244 agmen-

225 247 310 289 que
341 236 549 286 constitit,
575 238 807 284 frendente
823 244 1083 299 Alexandro,
1117 253 1224 310 eripi
1254 255 1333 299 sibi
1347 259 1574 304 victoriam

226 318 250 344 e
275 306 494 359 manibus,
525 318 569 352 et
594 312 792 356 Dareum
815 316 980 362 felicius
1011 322 1158 380 fugere
1181 341 1313 382 quam
1344 345 1388 372 se
1405 335 1537 390 sequi.
1559 339 1573 360 ¹
1689 393 1692 400 Ι

226 376 408 419 Interim
438 380 493 422 ad
524 382 755 428 Mazaeum
783 393 973 446 superati
1011 396 1120 451 regis
1159 397 1277 440 fama
1304 414 1576 457 pervenerat.
1603 423 1628 448 4
1689 402 1692 433 ἶ

221 445 387 506 Itaque,
419 467 690 513 quamquam
717 460 899 504 validior
934 475 1040 517 erat,
1070 475 1219 511 tamen
1248 471 1456 516 fortuna²
1483 493 1581 534 par-

224 519 337 561 tium
367 525 553 576 territus,
586 530 791 584 perculsis
819 533 1061 593 languidius
1085 540 1285 586 instabat.
1345 546 1577 591 Parmenio

225 591 456 648 ignorabat
491 598 669 655 quidem
707 619 883 648 causam
921 623 995 652 sua
1034 621 1190 668 sponte
1228 632 1398 674 pugnae
1430 621 1580 664 remis-

223 677 306 713 sae,
336 667 413 708 sed
450 671 682 715 occasione
724 676 925 722 vincendi
963 689 1138 727 strenue
1172 696 1235 728 est
1272 705 1385 733 usus.
1445 693 1578 736 Thes·
1607 710 1624 738 s

224 734 334 778 salos
372 741 537 796 equites
575 744 631 786 ad
669 761 713 787 se
754 751 901 795 vocari
941 753 1074 799 iubet.
1149 762 1324 815 Ecquid
1361 768 1573 816 videcz·s,³

222 806 376 864 inquit,
416 815 545 868 istos,
585 821 661 873 qui
672 818 892 878 ferociter
923 830 1050 870 modo
1080 833 1310 886 instabant,
1340 842 1492 892 pedem
1516 857 1576 882 re-

214 876 335 937 ferre
372 887 517 932 subito
552 906 721 945 pavore
754 902 1042 950 perterritos?
1079 906 1297 948 Nimimm
1328 912 1452 953 nobis
1478 929 1577 969 quo-

219 969 300 1009 que
341 962 460 1013 regis
505 968 648 1006 nostri
683 963 870 1023 fortuna
905 977 1032 1016 vicie.
1050 978 1072 1002 ⁴
1147 982 1306 1023 Omnia
1347 986 1576 1028 Persarum

220 1031 347 1071 caede
382 1043 528 1076 strat-a
565 1050 680 1081 swic-
747 1045 871 1103 Quid
907 1052 1088 1090 cessatis
1099 1054 1131 1092 ,ἴ
1147 1069 1201 1094 an
1230 1071 1280 1096 ne
1295 1053 1577 1115 fugientibus
1695 1110 1698 1115 4

218 1105 392 1157 quidem
421 1124 551 1160 pares
583 1116 722 1156 escis?
778 1117 894 1159 Vera
933 1120 1080 1163 dicere
1113 1125 1359 1178 videbatur,
1400 1138 1442 1172 et
1479 1147 1575 1188 spes
1608 1138 1631 1168 6
1688 1119 1701 1170 l

220 1172 473 1231 languentes
512 1182 688 1241 quoque
723 1197 928 1231 erexerat.
987 1194 1184 1238 subditis
1213 1198 1452 1242 calcaribus
1478 1219 1579 1257 pro-

219 1260 346 1289 ruere
389 1250 434 1291 in
471 1251 665 1298 hostem:
704 1265 748 1300 et
784 1260 840 1302 illi
879 1262 966 1305 iam
1005 1279 1095 1306 non
1133 1268 1307 1320 sensim,
1337 1273 1412 1313 sed
1444 1274 1575 1317 citato
1686 1286 1690 1307 ¹

217 1320 352 1374 gradu
380 1324 668 1379 recedebant,
700 1345 781 1373 nec
810 1332 1045 1389 quicquam
1074 1336 1212 1392 fugae,
1242 1340 1321 1382 nisi
1337 1346 1455 1399 quod
1472 1361 1577 1388 non·
1686 1349 1690 1378 ⁸

217 1389 324 1432 dum
350 1400 467 1451 terga
487 1399 501 1423 5
534 1407 768 1453 verterant,
799 1403 960 1447 deerat.
1017 1406 1250 1452 Parmenio
1271 1419 1435 1464 tamen,
1462 1417 1578 1475 igna·
1686 1408 1699 1480 ll

216 1475 289 1504 rus
318 1479 536 1522 quaenam
575 1469 621 1514 in
660 1473 814 1518 dextro
847 1492 986 1520 cornu
1013 1479 1192 1524 fortuna
1226 1486 1335 1542 regis
1363 1496 1483 1538 esset,
1511 1505 1578 1533 re-
1686 1521 1690 1549 t

214 1536 370 1592 pressit
394 1553 514 1581 suos:
538 1541 758 1596 Mazaeus,
792 1548 895 1592 dato
926 1555 1133 1609 pugnae⁴5
1163 1557 1316 1612 spatio,
1339 1574 1431 1600 non
1451 1569 1572 1604 recto
1607 1575 1625 1601 ⁷
1685 1554 1690 1615 Ξ

215 1606 383 1658 itinere,
414 1611 489 1654 sed
515 1615 684 1658 maiore
715 1627 760 1661 et
789 1620 846 1664 ob
877 1621 922 1665 id
948 1626 1109 1667 tutiore
1136 1628 1369 1670 circumitu
1388 1631 1574 1689 Tigrin⁷

212 1688 402 1736 superat,
438 1690 482 1725 et
510 1685 738 1745 Babylona
759 1691 775 1717 ⁸
821 1708 924 1736 cum
955 1697 1144 1756 reliquiis
1175 1700 1331 1744 devicti
1362 1705 1575 1748 exercitus

212 1750 360 1795 intrat.

148 1820 195 1861 61
293 1825 465 1869 Dareus
501 1832 653 1886 paucis
692 1834 819 1891 fugae
856 1841 1089 1884 comitibus
1115 1845 1170 1887 ad
1200 1844 1369 1903 Lycum
1395 1862 1576 1891 amnem
1606 1862 1625 1890 8

215 1900 524 1943 contenderat:
561 1920 649 1962 quo
684 1909 867 1953 traiecto
908 1913 1122 1958 dubitavit
1159 1932 1214 1960 an
1255 1919 1440 1962 solveret
1465 1937 1575 1978 pon-

213 1974 316 2019 tem,
345 1973 509 2030 quippe
538 1974 713 2020 hostem
745 1981 832 2024 iam
861 1983 1000 2027 affore
1027 1988 1325 2033 nuntiabatur.
1386 1992 1475 2035 Sed
1505 2001 1574 2036 tot

210 2041 330 2083 milia
359 2058 554 2097 suorum,
594 2065 705 2106 quae
743 2055 944 2099 nondum
983 2059 1038 2100 ad
1069 2075 1246 2103 amnem
1270 2073 1571 2118 pervenerant,
1691 2048 1698 2114 i

210 2121 347 2168 ponte
386 2118 524 2160 reciso
564 2121 738 2166 videbat
775 2126 911 2170 hostis
946 2131 1156 2185 praedam
1192 2133 1338 2176 fore.⁹
1396 2137 1572 2180 Abeun-
1602 2151 1624 2181 9
1683 2118 1699 2206 Ξ

212 2190 325 2234 tem,
362 2203 462 2229 cum
506 2192 721 2237 intactum
760 2199 921 2242 sineret
961 2211 1172 2258 pontem,
1205 2207 1354 2248 dixisse
1386 2218 1571 2260 constat,
1683 2216 1686 2273 ᾗ

210 2256 337 2298 malle
366 2273 411 2300 se
441 2264 484 2285 ¹0
524 2269 806 2321 sequentibus
850 2271 933 2313 iter
979 2275 1094 2325 dare,
1132 2293 1266 2334 quam
1305 2279 1476 2322 auferre
1508 2281 1574 2323 fu·
1687 2207 1701 2708 Ξ

200 2387 214 2411 ¹
247 2387 355 2433 seqUi
381 2400 434 2423 ⁵8·
514 2391 533 2417 ²
562 2393 718 2433 fortuna
742 2407 882 2438 tamen.
955 2405 974 2434 3
1001 2407 1140 2453 inquit,
1163 2409 1313 2445 videtis.
1383 2413 1405 2442 ⁴
1434 2414 1565 2449 vincit.

290 2442 310 2469 S
334 2448 439 2489 terga
465 2447 652 2484 nondum.
840 2456 860 2481 6
884 2457 997 2504 fugae
1022 2459 1071 2495 de
1097 2465 1195 2497 coni.
1358 2465 1375 2492 7
1404 2467 1564 2513 Tigrim.

293 2494 310 2522 3
337 2496 590 2542 Babylonem.
831 2510 851 2537 9
887 2513 1069 2559 praedam
1114 2516 1231 2550 hostis
1280 2518 1365 2554 fore
1403 2522 1570 2558 videbat.

301 2549 341 2573 ¹0
362 2549 488 2595 abest,
515 2555 583 2589 sed
609 2558 909 2606 insequentibus.
