1703 2961
213 106 306 154 512
660 97 717 155 ρ.
749 96 955 146 cnam
982 96 1124 140 mm

216 219 320 258 ritis
349 218 395 259 in
423 214 616 256 manibus
645 214 752 253 meis
774 213 974 267 palmam,
1002 226 1085 268 qua
1106 213 1332 258 Herculem
1350 215 1567 257 Liberum-

217 305 298 345 que
327 290 519 334 Patrem,
561 289 602 327 si
636 287 810 328 invidia
844 282 1046 343 abfuerit,
1078 286 1280 340 aequabo.
1338 287 1462 328 Date
1490 290 1570 328 hoc
1583 300 1631 328 30

217 362 417 416 precibus
454 363 573 408 meis,
610 370 654 401 et
691 359 863 400 tandem
902 358 1166 400 obstinatum
1206 360 1423 399 silentium
1463 376 1570 400 rum-

218 435 327 488 pite.
404 434 491 476 Ubi
534 443 602 474 est
637 433 710 473 ille
739 431 909 477 clamor,
937 432 1185 472 alacritatis
1212 441 1384 472 vestrae
1410 434 1573 475 index?

220 507 294 547 ubi
331 508 405 547 ille
444 521 629 548 meorum
669 505 954 545 Macedonum
995 503 1180 544 vultus?
1249 506 1352 544 IVon
1389 519 1571 557 agnosco

219 593 314 627 vos,
346 580 518 626 milites,
549 594 621 620 nec
649 578 828 631 agnosci
844 578 999 618 videor
1027 592 1053 617 a
1076 576 1215 618 vobis.
1278 578 1444 617 Surdas
1472 579 1573 618 iam,

220 650 381 690 dudum
419 666 544 691 aures
581 652 728 705 pulso:
769 664 947 690 aversos
987 652 1154 693 animos
1193 659 1237 690 et
1264 651 1307 690 in
1334 659 1480 693 raetos
1505 663 1574 692 ex-

220 724 355 762 citare
391 738 529 764 conor.

167 792 212 831 11
307 793 512 851 Cumque
552 793 608 835 illi
654 793 700 837 in
739 799 904 839 terram
943 791 1137 834 demissis
1176 792 1389 849 capitibus
1427 799 1572 834 tacere
1590 804 1636 833 31

223 874 570 921 perseverarent,
599 868 760 907 Nescio
787 867 906 920 quid,
938 864 1091 920 inquit,
1112 867 1158 907 in
1186 879 1267 906 vos
1294 868 1541 919 imprudens
1558 867 1570 888 ¹

223 939 398 994 deliqui,
429 941 546 994 quod
575 955 639 979 me
669 955 720 979 ne
748 940 910 979 intueri
936 939 1108 993 quidem
1137 938 1290 978 vultis.
1350 941 1403 979 In
1429 940 1578 980 solitu-

222 1012 322 1056 dine
344 1014 452 1053 mihi
480 1013 636 1054 videor
661 1028 764 1052 esse.
830 1014 970 1052 Nemo
1001 1012 1245 1064 respondet,
1275 1026 1395 1052 nemo
1423 1012 1578 1055 saltem

221 1095 360 1138 negat.
426 1087 546 1149 Quos
575 1086 802 1140 alloquor?
830 1085 938 1139 quid
964 1094 1106 1124 autem
1134 1084 1341 1137 postulo?
1375 1084 1577 1126 Vestram
1594 1101 1641 1130 32

221 1157 410 1210 gloriam
445 1168 490 1198 et
525 1159 864 1210 magnitudinem
895 1158 1184 1197 vindicamus.
1250 1156 1339 1196 Ubi
1365 1167 1465 1198 sunt
1495 1158 1578 1206 illi,

221 1245 400 1284 quorum
437 1239 650 1271 certamen
687 1231 817 1283 paulo
862 1239 961 1269 ante
991 1230 1092 1268 vidi
1115 1230 1476 1277 contendentinnz,
1505 1233 1581 1284 qni

220 1304 496 1354 potissimum
533 1303 756 1343 vulnerati
794 1303 910 1354 regis
950 1315 1104 1353 corpus
1135 1303 1412 1352 exciperent?
1443 1303 1581 1342 deser-

223 1385 306 1423 tus,
345 1376 582 1414 destitutus
610 1390 718 1422 sum,
748 1374 944 1414 hostibas
973 1374 1161 1412 deditus.
1225 1373 1312 1412 Sed
1340 1374 1457 1414 solus
1480 1389 1642 1429 quo-33

220 1463 301 1502 que
331 1449 394 1486 ire
421 1447 716 1501 perseverabo.
781 1446 973 1488 Obiicite
1004 1460 1068 1484 me
1084 1443 1346 1502 fluminibus
1374 1456 1418 1486 et
1447 1447 1584 1490 beluis

222 1531 266 1565 et
294 1520 380 1561 illis
414 1520 626 1571 gentibus,
665 1534 843 1574 quarum
884 1520 1057 1559 nomina
1081 1519 1282 1558 horretis.
1342 1521 1580 1572 Inveniam,

222 1595 299 1649 qui
328 1595 543 1635 desertum
585 1607 612 1632 a
647 1592 776 1634 vobis
813 1601 1066 1648 sequantur:
1107 1592 1294 1646 Scythae
1332 1591 1581 1635 Bactriani-

221 1681 303 1721 que
332 1676 456 1707 erunt
487 1680 658 1708 mecum,
697 1667 844 1709 hostes
871 1665 1001 1718 paulo
1032 1674 1148 1712 ante,
1178 1679 1284 1705 nnnc
1315 1665 1476 1706 milites
1506 1681 1579 1707 no-

222 1741 320 1781 stri.
377 1740 500 1779 Mori
526 1747 740 1791 praestat,
772 1752 899 1792 quam
927 1739 1125 1790 precario
1155 1738 1461 1790 imperatorem
1479 1755 1580 1784 esse,
1599 1761 1647 1789 34
1701 1754 1703 1788 ς

222 1815 292 1854 Ite
337 1812 507 1852 reduces
546 1812 696 1851 domos
705 1826 718 1859 5
761 1812 822 1850 ite
863 1811 1032 1851 deserto
1075 1825 1174 1862 rege
1208 1820 1404 1850 ovantes.
1479 1813 1580 1864 Ego
1701 1802 1703 1817 ³

221 1887 293 1926 hic
330 1900 357 1925 a
398 1885 521 1926 vobis
557 1884 810 1937 desperatae
843 1885 1058 1925 victoriae
1104 1891 1181 1922 aut
1219 1883 1423 1922 honestae
1450 1888 1583 1927 morti

221 1959 359 2000 locum
389 1958 618 2000 inveniam
678 1955 745 1996 Ne
775 1955 833 1996 sic
865 1954 1044 2013 quidem
1074 1953 1146 1994 ulli
1177 1953 1368 1994 militum
1399 1971 1481 1997 vox
1512 1974 1576 2000 ex·
1589 1974 1649 2004 111.

222 2029 353 2086 primi
381 2029 539 2087 potuit.
599 2026 917 2083 Expectabant,
949 2033 999 2067 ut
1029 2026 1161 2070 duces
1190 2025 1496 2085 principesque
1526 2031 1582 2072 ad

223 2116 371 2158 regem
402 2099 660 2157 perferrent,
692 2097 942 2139 vulneribus
980 2104 1024 2138 ct
1053 2096 1263 2138 continuo
1291 2097 1442 2141 labore
1470 2101 1583 2143 mili-

223 2174 307 2214 tiae
336 2172 538 2229 fatigatos
569 2186 660 2211 non
689 2169 933 2211 detrectare
959 2168 1123 2216 munia,
1151 2169 1226 2210 sed
1255 2170 1463 2213 sustinere
1489 2187 1581 2215 non

222 2261 361 2302 posse.
424 2243 633 2286 Ceterum
675 2242 731 2283 illi
772 2248 895 2283 metu
928 2241 1102 2282 attoniti
1135 2240 1178 2282 in
1207 2248 1372 2282 terram
1403 2257 1478 2284 ora
1510 2245 1581 2286 de-

224 2316 419 2358 fixerant.
486 2316 654 2373 igitur²
698 2313 843 2371 primo
883 2312 1083 2354 fremitus
1118 2327 1192 2354 sua
1223 2317 1391 2369 sponte,
1423 2315 1579 2357 deinde
1610 2335 1632 2361 2

223 2390 408 2446 gemitus
456 2403 632 2446 quoque
682 2386 842 2435 oritur;
893 2384 1190 2445 paulatimque
1235 2384 1415 2438 liberius·
1455 2387 1581 2430 dolor

192 2449 195 2463 ⁴
223 2462 327 2518 erigi
354 2459 512 2518 coepit,
549 2458 829 2500 manantibus
862 2457 1066 2505 lacrimis,
1103 2457 1212 2499 adeo
1253 2464 1299 2501 ut
1327 2472 1414 2509 rex,
1442 2459 1504 2502 ira
1534 2460 1581 2507 in

223 2601 239 2625 1
270 2600 492 2648 imprudens
520 2599 560 2636 in
590 2611 669 2635 vos.
873 2597 894 2624 2
924 2597 1033 2643 Ergo.
