1703 2961
0 0 24 44 r!

348 121 431 165 DE
473 120 682 166 GESTIS
714 119 885 164 ALEX.
918 122 995 174 IV,
1033 124 1101 167 32.
1411 122 1466 168 73

19 259 22 274 ι
55 235 357 294 31pellatione‚
390 233 600 290 corrupit.
624 235 642 256 ¹
700 231 760 274 Et
784 233 1066 287 Macedones,
1095 234 1251 276 assueti
1289 232 1470 292 quidem

113 307 230 363 regio
251 305 451 364 imperio,
482 305 556 347 sed
588 304 666 344 in2
697 306 866 347 maiore
897 305 1108 348 libertatis
1137 307 1308 355 umbra,
1333 320 1468 362 quam

110 386 281 421 ceterae
319 386 480 435 gentes,
516 377 896 421 immortalitatem
929 377 1212 420 affectantem
1241 386 1472 421 contuma-

115 450 217 501 cius,
264 466 398 508 quam
444 458 520 491 aut
569 449 669 506 ipsis
713 451 992 506 expediebat,
1030 458 1106 491 aut
1144 450 1246 507 regi,
1287 450 1470 491 aversati

51 535 99 565 32
115 529 228 564 sunt.
302 523 390 564 Sed
435 522 545 564 haec
589 537 668 564 suo
718 538 918 581 quaeque
958 521 1149 579 tempori
1173 529 1471 564 reserventur:

113 609 232 636 nunc
260 601 405 636 cetera
443 594 595 651 exequi
625 608 818 650 pergam.
1224 584 1227 589 Α

10 682 107 735 svm.
192 694 458 744 Alexander,
508 694 562 736 ab
609 695 862 737 Hammone
900 694 1093 743 rediens,
1121 701 1171 735 ut
1205 694 1537 736 Mareotin³33

113 764 335 823 paludem,
372 766 492 808 haud
519 767 676 823 procul
705 766 841 813 insula
871 767 1015 809 Pharo
1047 766 1187 817 sitam,
1213 767 1343 815 venit,
1374 781 1478 808 con<

117 837 352 894 templatus
386 838 471 881 loci
508 847 736 888 naturam,
780 839 975 896 primum
1016 838 1061 880 in
1092 839 1185 896 ipsa
1224 838 1359 881 insula
1396 845 1480 880 sta-

16 904 18 932 ss
66 926 87 949 2
120 916 267 951 tuerat
308 910 466 952 urbem
518 927 680 953 novam
729 911 933 954 condere.
1020 911 1149 961 Inde,
1191 918 1242 951 ut
1278 909 1481 967 apparuit

118 997 302 1038 magnae
333 983 443 1024 sedis
473 982 659 1025 insulam
687 982 806 1024 haud
835 997 1044 1038 capacem
1077 998 1180 1033 esse,
1206 986 1230 1010 ⁴
1260 982 1386 1039 elegit
1411 996 1482 1022 ur-

117 1054 162 1095 bi
201 1054 374 1104 locum;
425 1055 499 1096 ubi
545 1069 664 1095 nunc
716 1060 780 1095 est
823 1053 1103 1105 Alexandria,
1139 1053 1483 1111 appellationem

115 1124 293 1166 trahens
325 1142 375 1167 ex
405 1126 587 1167 nomine
617 1125 821 1168 auctoris.
882 1124 1147 1182 Complexus
1179 1126 1388 1184 quicquid
1418 1141 1485 1167 so-

119 1196 148 1239 li
173 1199 188 1225 ⁵
224 1205 288 1240 est
317 1198 431 1239 inter
459 1198 667 1254 paludem
704 1213 754 1240 ac
776 1198 797 1223 ⁶
827 1211 963 1247 mare,
993 1198 1214 1254 octoginta
1242 1199 1486 1240 stadiorum

15 1263 17 1274 '
122 1268 260 1310 muris
291 1269 510 1311 ambitum
553 1269 760 1319 destinat3
826 1277 870 1310 et
901 1270 973 1326 qui
1000 1270 1384 1313 exaedificandae⁷
1418 1284 1489 1310 ur-

13 1313 17 1385 :⁵
74 1356 94 1385 3
125 1340 173 1389 bi
200 1349 450 1397 praeessent
472 1341 646 1392 relictis,
681 1341 915 1398 Memphin
946 1343 1069 1398 petit.
1137 1343 1328 1400 Cupido,
1366 1341 1489 1383 haud

14 1403 15 1408 ¹
127 1413 285 1455 iniusta
315 1414 507 1471 quidem,
541 1422 738 1456 ceterum
770 1414 1088 1470 intempestiva,
1118 1415 1365 1465 incesserat,
1397 1429 1491 1456 non

128 1485 335 1526 interiora
364 1486 502 1528 modo
541 1487 750 1544 Aegypti,
794 1486 868 1527 sed
911 1487 1043 1527 etiam
1073 1486 1357 1544 Aethiopiam
1386 1485 1492 1527 invi-

127 1573 242 1599 sere:
292 1557 545 1599 Memnonis
597 1559 869 1615 Tithonique
919 1559 1135 1600 celebrata
1175 1560 1292 1616 regia
1334 1572 1494 1614 cogno-

131 1629 319 1671 scendae
362 1631 586 1671 vetustatis
627 1630 803 1671 avidum
842 1630 1045 1671 trahebat
1083 1646 1224 1687 paene
1263 1638 1380 1672 extra
1411 1637 1497 1672 ter-

79 1720 105 1745 4
132 1700 278 1741 minos
308 1699 417 1741 solis.
481 1701 568 1743 Sed
610 1701 846 1743 imminens
877 1702 1054 1753 bellum,
1085 1704 1207 1745 cuius
1235 1703 1375 1745 multo
1407 1719 1498 1746 ma-

13 1797 16 1834 !
132 1773 202 1815 ior
242 1780 471 1829 supererat
509 1773 675 1821 moles,
713 1773 879 1815 otiosae
919 1775 1259 1831 peregrinationi
1294 1784 1500 1833 tempora.

12 1899 15 1919 t
134 1852 368 1897 exemerat.
429 1845 582 1902 Itaque
609 1845 812 1902 Aegypto
844 1845 1057 1901 praefecit
1082 1847 1351 1909 Aeschylum
1380 1848 1502 1890 Rho-

0 1944 23 2000 ἱ
136 1915 260 1957 dium
301 1923 344 1958 et
379 1917 622 1958 Peucesten
651 1917 962 1968 Macedonem,
990 1927 1201 1976 quattuor
1228 1920 1402 1962 milibus
1425 1920 1505 1962 mi-

136 1987 265 2028 litum
301 1987 347 2029 in
385 1988 654 2044 praesidium
692 1989 880 2046 regionis
922 1989 1010 2031 eius
1049 1991 1180 2033 datis:
1214 1993 1398 2034 claustra
1421 1993 1506 2035 Nili

137 2059 332 2103 fluminis
371 2059 662 2101 Polemonem
700 2061 814 2102 tueri
852 2061 994 2111 iubet;
1026 2063 1203 2120 triginta
1237 2064 1292 2105 ad
1315 2063 1404 2107 hoc
1433 2066 1510 2107 tri-

90 2153 107 2180 5
138 2146 281 2174 remes
324 2131 464 2174 datae.
538 2131 714 2174 Africae
765 2132 943 2182 deinde,
985 2149 1070 2190 qua
1110 2136 1312 2195 Aegypto
1357 2137 1508 2180 iuncta

140 2210 217 2253 est,
244 2203 520 2260 praepositus
552 2204 833 2260 Apollonius:
862 2205 1144 2262 vectigalibus
1176 2208 1372 2253 eiusdem
1397 2210 1512 2252 Afri-

143 2291 220 2318 cae
257 2275 531 2334 Aegyptique
580 2275 855 2318 Cleomenes.
881 2280 897 2306 ⁸
980 2278 1285 2333 Exrfinitimis
1327 2283 1512 2324 urbibus

146 2347 438 2404 commigrare
465 2347 776 2391 Alexandriam
805 2347 939 2397 iussis,
969 2365 1133 2393 novam
1163 2353 1322 2396 urbem
1352 2370 1512 2412 magna

150 2504 167 2528 1
196 2506 415 2551 corrumpit.
577 2507 599 2534 2
623 2507 746 2543 abest.
910 2507 931 2539 3
955 2515 999 2542 ut
1022 2520 1045 2544 a
1067 2511 1186 2545 mati
1213 2511 1271 2546 ad
1293 2512 1514 2548 Mareotim.

238 2561 260 2588 4
283 2558 403 2593 abest.
574 2561 595 2589 S
617 2562 709 2596 loci.
920 2561 943 2588 ⁶
969 2569 1019 2599 et.
1190 2564 1207 2593 7
1235 2566 1513 2606 aedificandae,

240 2611 257 2639 8
284 2612 347 2646 Ex
371 2612 522 2648 emend.
551 2614 674 2650 codd.
705 2615 900 2651 Clemens.
