1703 2961
265 115 348 156 218
730 110 786 166 Q.
818 110 1024 154 CURTu
1055 109 1195 154 num

264 228 452 277 hastam,
495 239 629 282 quam
668 223 870 281 Erigyius
907 213 1085 266 modica
1136 223 1290 280 capitis
1331 223 1623 267 declinatione

263 298 628 354 vitavit‚'atque¹
677 296 765 352 ipse
804 295 1006 337 infestam
1045 295 1262 345 sarissam,
1299 311 1413 353 equo
1445 296 1621 339 calcari-

260 372 343 413 bus
375 370 568 417 concito,
597 369 641 410 in
668 367 814 409 medio
846 367 1020 409 barbari
1049 374 1224 425 gutture
1256 368 1315 410 ita
1345 367 1445 419 fixit,
1475 375 1524 410 ut
1542 382 1622 425 per

261 443 477 485 cervicem
517 440 745 483 emineret.
812 439 1129 496 Praecipitatus
1170 455 1219 481 ex
1263 455 1376 496 equo
1406 440 1620 481 barbarus
1635 452 1680 481 37

261 515 408 556 adhuc
438 521 589 555 tamen
621 512 907 569 repugnabat.
948 512 1035 553 Sed
1064 512 1131 553 ille
1164 519 1406 554 extractam
1438 499 1493 552 e‘2
1531 510 1621 552 vul-

257 601 362 628 nere
395 585 567 626 hastam
598 599 746 626 rursus
774 584 819 625 in
844 599 892 625 os
907 584 1063 640 dirigit.
1115 584 1450 626 Satibarzanes³
1483 598 1620 624 manu

259 657 523 714 complexus,
562 672 651 713 quo
689 656 905 698 maturius
943 656 1152 706 interiret,
1201 656 1340 698 ictum
1377 655 1514 698 hostis
1545 655 1621 697 ad-.

256 730 375 773 iuvit.
426 730 485 770 Et
517 729 706 778 barbari,
742 729 853 770 duce
894 728 1066 778 amisso,
1099 744 1233 786 quem
1264 728 1400 785 magis
1429 727 1676 770 necessi-33

254 809 344 844 tate
375 817 509 859 quam
545 808 703 858 sponte
741 800 879 843 secuti
922 808 1057 850 erant,
1099 808 1206 843 tunc
1235 801 1354 842 haud
1385 801 1619 842 immemo-
1672 831 1677 834 .

251 890 321 918 res
349 874 612 915 meritorum
642 872 891 920 Alexandri,
919 887 1039 913 arma
1068 873 1247 930 Erigyio
1281 874 1476 914 tradunt.
1524 873 1618 913 Rex
1632 886 1678 917 39

250 948 319 990 his
348 946 527 1005 quidem
557 945 709 994 laetus,
738 945 793 986 de
817 945 1039 1000 Spartanis
1067 944 1411 1002 haudquaquam
1429 959 1621 995 securus,

250 1034 412 1075 magno
454 1026 606 1059 tamen
645 1017 794 1059 animo
832 1017 1097 1059 defectum⁴
1130 1032 1285 1057 eorum
1316 1016 1426 1066 tulit,
1455 1017 1617 1067 dicens,

246 1098 472 1134 non'ante
503 1105 630 1132 ausos
658 1089 836 1132 consilia
865 1090 1046 1139 nudare,
1076 1104 1212 1145 quam
1243 1090 1384 1144 ipsum
1411 1089 1466 1130 ad
1502 1087 1609 1130 fines

247 1165 401 1206 Indiae
441 1161 688 1219 pervenisse
726 1162 1044 1218 cognovissent.
1120 1161 1216 1217 Ipse
1258 1162 1442 1202 Bessum
1470 1176 1673 1216 perse-40

247 1252 385 1294 quens
427 1235 577 1291 copias
613 1235 774 1275 movit:
813 1233 882 1274 cui
913 1233 1114 1288 Erigyius
1143 1233 1320 1275 barbari
1351 1241 1497 1290 caput,
1522 1233 1615 1288 opi-

247 1309 408 1358 mum⁵
443 1307 544 1349 belli
575 1307 721 1356 decus,
753 1303 1007 1362 praeferens
1040 1305 1248 1348 occurrit.
1515 1294 1518 1295 ⁷

183 1413 238 1451 20
328 1409 463 1466 Igitur
499 1407 840 1449 Bactrianorum
875 1404 1051 1461 regione
1077 1405 1298 1446 Artabazo
1327 1404 1500 1456 tradita,
1528 1420 1613 1447 sar·
1626 1419 1665 1449 v.

248 1482 368 1524 cinas
399 1488 443 1522 et
469 1479 789 1536 impedimenta
819 1477 878 1519 ibi
912 1493 1013 1520 cum
1046 1477 1262 1533 praesidio
1279 1477 1464 1533 reliquit.
1515 1479 1614 1534 Ipse

247 1570 350 1597 curn
380 1552 583 1610 expedito
616 1551 788 1608 agmine
820 1549 918 1591 loca
951 1550 1119 1590 deserta
1151 1549 1517 1606 Sogdianorum6
1548 1550 1612 1592 in-

243 1634 343 1673 trat,
380 1631 604 1666 nocturno
642 1624 799 1664 itinere
836 1622 1076 1663 exercitum
1126 1621 1301 1663 ducens.
1364 1621 1609 1678 Aquarum,
1639 1642 1661 1665 2

244 1707 296 1741 ut
327 1706 428 1740 ante
461 1698 631 1740 dictum
664 1703 741 1744 est,
770 1694 950 1752 penuria
980 1693 1100 1750 prius
1131 1693 1451 1750 desperatione,
1473 1710 1608 1751 quam

245 1770 462 1814 desiderio
505 1768 682 1810 bibendi
715 1767 832 1808 sitim
865 1765 1080 1810 accendit.
1139 1767 1224 1807 Per
1256 1779 1354 1806 cccc
1385 1767 1523 1815 stadia
1552 1783 1608 1808 ne

242 1843 445 1886 modicus
477 1841 656 1899 quidem
693 1839 858 1881 humor
888 1839 1039 1880 existit.
1100 1838 1267 1878 Arenas
1294 1853 1432 1894 vapor
1461 1839 1608 1880 aestivi
1644 1857 1664 1886 3

241 1917 341 1959 solis
382 1914 608 1957 accendit:
642 1927 754 1970 quae
793 1911 866 1953 ubi
902 1910 1084 1967 flagrare
1114 1917 1366 1965 coeperunt,
1395 1904 1609 1952 haud‘se-

244 2004 320 2032 cus
356 2003 490 2045 quam
524 1984 766 2027 continenti
796 1983 1001 2025 incendio
1047 1989 1205 2025 cuncta
1231 1989 1469 2023 torrentur.
1500 1982 1612 2024 Cali-
1635 2005 1660 2030 4

241 2077 296 2119 go
337 2060 509 2109 deinde,
549 2057 792 2099 immodico
833 2063 976 2097 terrae
1012 2055 1184 2096 fervore
1221 2054 1420 2102 excitata,
1458 2054 1604 2097 lucem

240 2134 364 2190 tegit:
406 2142 758 2188 camporumque
793 2145 885 2170 non
913 2129 991 2169 alia
1023 2143 1157 2185 quam
1187 2126 1293 2168 vasti
1322 2135 1365 2168 et
1393 2124 1604 2184 profundi

241 2204 443 2263 aequoris
479 2203 644 2260 species
680 2210 755 2247 est.
811 2203 1096 2244 Nocturnum
1128 2200 1211 2241 iter
1235 2198 1460 2240 tolerabile
1489 2199 1604 2240 vide-
1635 2222 1653 2248 5

241 2278 387 2328 batur,
416 2277 518 2333 quia
544 2290 644 2317 rore
675 2283 718 2317 et
745 2274 964 2316 matutino
994 2273 1155 2330 frigore
1187 2285 1375 2328 corpora
1407 2271 1609 2313 levaban-

241 2357 326 2391 tur.
375 2347 588 2391 Ceterum
630 2362 732 2390 cum
768 2347 860 2404 ipsa
898 2345 994 2388 luce
1035 2352 1176 2387 aestus
1220 2344 1372 2393 oritur,
1402 2357 1608 2384 omnem-

242 2466 262 2492 1
289 2473 340 2500 at.
434 2465 453 2490 2
480 2475 538 2498 ex.
632 2463 652 2494 3
681 2462 870 2498 adiicitur
898 2462 1060 2496 hastam.
1163 2462 1186 2494 4
1212 2460 1472 2495 defectionem
1497 2459 1606 2504 uulgo

333 2531 384 2554 ex
411 2517 561 2552 emend.
771 2519 790 2546 5
813 2519 876 2551 De'
900 2521 1143 2551 coniectura:
1166 2514 1290 2550 Cozld.
1307 2523 1406 2559 οριι.
1436 2513 1498 2547 cui
1522 2513 1605 2546 Eri-

331 2585 424 2622 guus
463 2572 655 2606 barbarini
681 2573 881 2619 optimum.
938 2571 1062 2616 Vulgo
1089 2571 1150 2603 cui
1177 2571 1274 2615 lirig.
1304 2569 1429 2615 spolia
1452 2567 1605 2602 barbari

334 2640 404 2661 eeu
429 2627 616 2673 opimum.
820 2626 840 2651 6
872 2625 993 2660 codd.
1020 2626 1299 2659 Susitanorum.
