1703 2961
382 140 463 183 DE
493 137 705 182 GESTIS
724 135 890 180 ALEX.
919 138 1039 187 V111,
1056 138 1125 182 23.
1346 135 1425 182 271

12 265 58 291 2¹
79 251 299 296 Omnibus
326 251 524 293 Philotae
560 248 828 306 supplicium
868 248 913 292 in
945 249 1080 292 oculis
1111 256 1217 291 erat.
1274 251 1430 306 Itaque

77 324 274 381 protinus
314 324 452 366 iniicit
487 323 609 365 fratri
650 336 847 372 manum,
882 328 927 363 et
961 321 1004 362 in
1034 322 1195 377 regiam
1222 321 1429 376 pervenit,

79 395 356 452 excitatisque
385 396 640 437 custodibus
671 393 881 449 corporis,
910 392 966 435 ad
992 393 1176 434 salutem
1205 393 1315 449 regis
1337 407 1432 447 per-

23 466 233 516 utinere,
273 481 384 522 quae
414 466 604 515 afferret,
633 465 835 508 affirmat.
892 465 951 507 Et
973 471 1156 521 tempus,
1189 479 1276 521 quo
1306 479 1432 505 vene-

76 544 186 587 rant,
218 544 262 578 et
287 538 427 579 vultus
462 537 579 579 haud
618 553 719 579 sane
749 537 888 579 securi
916 536 1048 578 animi
1078 535 1217 586 index,
1249 543 1292 577 et
1315 551 1432 578 mae-

77 608 190 650 stitia
233 609 470 651 eaduobus
505 609 698 661 alterius,
736 609 1038 652 Ptolemaeum
1078 623 1129 650 ac
1152 608 1431 649 Leonnatum

80 681 342 722 excubantes
381 681 436 722 ad
488 682 675 724 cubiculi
726 681 860 722 limen
903 680 1211 723 excitaverunt.
1278 683 1434 738 Itaque

78 753 239 810 apertis
287 752 469 800 foribus,
514 761 558 794 et
600 753 764 796 lumine
811 753 942 800 illato,
982 753 1173 807 sopitum
1215 767 1341 797 mero
1382 767 1434 794 ac

79 839 234 866 somno
264 823 454 867 excitant
480 839 643 881 regem.
703 825 777 867 Ille
816 824 1028 882 paulatim
1058 833 1206 866 mente
1239 825 1433 875 collecta,

16 905 64 935 23
80 896 186 952 quid
218 895 437 945 afferrent,
468 895 720 954 interrogat.
770 901 860 939 Nec
885 904 1115 939 cunctatus
1146 896 1434 954 Eurylochus,

80 982 172 1009 non
210 983 260 1009 ex
296 975 390 1009 toto
429 967 614 1009 domum
655 985 781 1011 suam
821 969 1005 1011 aversari
1047 969 1152 1009 deos
1190 968 1307 1016 dixit,
1335 969 1436 1026 quia

80 1039 214 1081 frater
243 1038 384 1094 ipsius,
425 1055 693 1097 quamquam
732 1042 920 1098 impium
959 1040 1127 1082 facinus
1159 1055 1286 1081 ausus
1310 1039 1437 1090 foret,

82 1117 234 1152 tamen
264 1118 308 1152 et
342 1112 663 1168 poenitentiam
707 1114 797 1155 eius
832 1118 988 1170 ageret,
1023 1118 1065 1153 et
1094 1127 1174 1169 per
1197 1127 1242 1154 se
1269 1112 1441 1169 potissi-

83 1198 210 1224 mum
249 1182 532 1238 profiteretur
569 1183 792 1225 indicium.
853 1185 905 1225 In
943 1199 1041 1226 eam
1079 1185 1216 1240 ipsam
1244 1192 1440 1232 noctem,

88 1269 199 1312 quae
241 1255 494 1305 decederet,
526 1255 702 1298 insidias
735 1264 1013 1313 comparatas
1049 1256 1202 1308 fuisse,
1240 1264 1442 1299 auctores

19 1338 69 1364 24
85 1326 251 1368 scelesti
279 1328 443 1369 consilii
475 1343 579 1379 esse,
612 1344 722 1386 quos
752 1329 936 1370 minime
963 1330 1164 1372 crederet
1192 1343 1279 1370 rex.
1323 1329 1443 1370 Tum

85 1399 322 1456 Epimenes
362 1408 521 1443 cuncta
551 1401 717 1451 ordine,
757 1401 1123 1459 consciorumque
1164 1400 1347 1442 nomina
1377 1416 1445 1443 ex-

89 1471 227 1528 ponit.
290 1471 588 1514 Callisthenen
626 1489 718 1514 non
760 1481 809 1514 ut
834 1475 1094 1531 participem
1129 1473 1338 1515 facinoris
1368 1487 1446 1514 no-

89 1542 307 1584 minatum
349 1559 439 1585 esse
478 1545 719 1593 constabat,
761 1545 835 1586 sed
875 1545 1051 1587 solitum
1090 1561 1332 1600 puerorum
1361 1559 1447 1587 ser-

87 1615 293 1656 monibus
321 1616 664 1672 vituperantium
683 1616 1099 1675 criminantiumque
1127 1632 1274 1674 regem
1299 1616 1446 1659 faciles

32 1698 77 1726 2⁵
95 1701 219 1728 aures
258 1687 480 1742 praebere.
548 1688 742 1743 Quidam
779 1688 1007 1740 adiiciunt,
1054 1705 1155 1731 cum
1185 1690 1447 1731 Hermolaus

92 1759 211 1815 apud
253 1774 354 1800 eum
381 1775 557 1817 quoque
587 1761 868 1802 verberatum
897 1776 941 1803 se
989 1777 1011 1802 a
1038 1777 1137 1819 rege
1177 1769 1446 1818 quereretur,

97 1831 248 1872 dixisse
287 1829 609 1881 Callisthenen,
650 1833 899 1875 meminisse
931 1833 1090 1874 debere
1118 1849 1192 1875 eos
1217 1834 1303 1875 iam
1334 1835 1448 1875 viros

96 1917 205 1944 esse:
257 1902 419 1959 idque¹
460 1903 515 1944 ad
553 1903 870 1946 consolandam
905 1904 1163 1962 patientiam
1198 1906 1449 1954 verberum,

96 1989 154 2016 au
181 1973 236 2015 ad
266 1974 539 2017 incitandum
575 1975 783 2018 iuvenum
821 1976 1022 2018 dolorem
1053 1977 1222 2020 dictum
1254 1985 1374 2027 esset,
1403 1976 1449 2017 in

98 2046 303 2103 ambiguo
334 2046 476 2091 fuisse.

37 2128 88 2158 26
180 2119 286 2165 Rex,
315 2119 448 2159 animi
480 2119 762 2176 corporisque
790 2135 949 2176 sopore
981 2120 1183 2169 discusso,
1211 2137 1314 2162 cum
1341 2120 1450 2161 tanti

94 2190 286 2245 periculi,
323 2192 445 2247 quo²
484 2199 690 2238 evaserat,
729 2191 873 2248 imago
908 2192 1045 2234 oculis
1091 2193 1329 2243 oberraret,
1363 2194 1454 2234 Eu-

96 2261 328 2319 rylochum
354 2276 379 2302 L
415 2263 584 2304 talentis
616 2271 659 2304 et
690 2263 915 2304 cuiusdam
947 2265 1164 2318 Tyridatis
1196 2265 1448 2320 opulentis³

95 2333 223 2374 bonis
250 2332 448 2388 protinus
479 2335 664 2384 donat‚4
702 2334 986 2392 fratremque,
1018 2344 1254 2394 antequam
1285 2352 1364 2392 pro
1390 2351 1454 2378 sa-

37 2404 190 2452 27lute
228 2405 318 2446 eius
352 2414 625 2461 precaretur,
656 2407 855 2448 restituit.
911 2407 1092 2450 Sceleris
1123 2417 1272 2451 autem
1303 2416 1454 2451 aucto-

100 2579 118 2603 1
141 2577 259 2623 quue
279 2589 342 2637 ‘an
368 2578 430 2614 ad.
577 2580 598 2605 2
623 2581 740 2626 quod.
894 2581 914 2611 3
943 2581 1131 2629 opulenti.
1287 2585 1308 2616 4
1335 2584 1454 2619 donat

186 2639 375 2679 protinus.
