1703 2961
0 0 9 228 ξ

4 515 12 593 l

22 763 67 797 11.

6 882 13 1037 l

390 142 471 184 DE
497 140 702 185 GESTIS
729 141 898 186 ALEX.
930 144 1042 194 vlu,
1068 147 1130 187 10.
1356 152 1438 194 259

29 253 306 311 39applicuit.
374 252 543 294 Deinde
586 268 640 294 ne
680 253 750 294 illo
787 255 965 311 quidem
1003 258 1269 302 adminiculo
1312 266 1434 306 susti-

86 334 230 375 nente,
259 324 462 366 manibus
491 325 599 381 regis
617 332 820 381 exceptus
852 335 928 376 est,
954 328 1068 368 inter
1089 345 1194 386 quas
1217 333 1428 390 collapsus

87 397 358 453 extinguitur.
429 397 648 438 Maestum
690 411 834 454 regem
873 399 977 440 alius
1018 399 1137 441 haud
1164 400 1267 444 levis
1299 406 1427 448 dolor

3 458 264 525 laoexcepit.
344 469 541 525 Erigyius
592 469 705 510 inter
747 469 885 512 claros
924 470 1056 512 duces
1092 471 1259 522 fuerat;
1299 493 1430 534 quem

85 541 325 583 extinctum
357 555 459 587 esse,
478 540 607 594 paulo
637 547 873 598 antequam
901 550 1190 585 reverteretur
1215 545 1259 588 in
1292 558 1430 592 castra

87 613 301 667 cognovit.
367 611 604 669 Utriusque
648 611 776 654 funus
803 615 924 656 omni
955 621 1169 671 apparatu
1197 625 1327 676 atque
1356 620 1433 664 ho-

84 699 193 726 nore
224 684 492 727 celebratum
518 691 594 725 est.

161 755 311 797 Dahas
351 754 506 796 deinde
544 761 753 799 statuerat
781 765 950 813 petere:
982 758 1039 799 ibi
1072 774 1263 817 namque
1289 763 1485 822 Spita-11

85 831 274 870 menen¹
318 841 408 869 esse
443 838 721 884 cognoverat.
786 831 874 872 Sed
911 830 1026 872 hanc
1057 846 1232 889 quoque
1263 839 1434 893 expedi-

84 900 264 949 tionem,
305 906 354 939 ut
390 899 598 956 pleraque
634 901 726 951 alia,
756 901 933 943 fortuna
964 902 1228 959 indulgendo
1262 907 1298 948 ei
1325 924 1434 952 nun-

83 987 217 1028 quam
247 970 436 1028 fatigata,
466 985 547 1027 pro
576 973 753 1014 absente
778 974 994 1030 transegit.
1036 975 1311 1031 Spitamenes
1333 996 1435 1022 uxo-

83 1044 140 1085 ris
175 1043 417 1084 immodico
454 1057 605 1084 amore
643 1044 874 1101 flagrabat3
915 1061 1048 1103 quam
1109 1061 1236 1102 aegre
1284 1050 1433 1111 fugam

86 1123 130 1157 et
154 1130 264 1156 nova
291 1113 474 1155 subinde
506 1114 624 1155 exilia
655 1115 930 1165 tolerantem,
963 1117 1006 1157 in
1034 1131 1166 1158 omne
1201 1119 1437 1164 discrimen

87 1187 297 1229 comitem
324 1185 539 1227 trahebat.
600 1186 672 1227 Illa
703 1186 828 1228 malis
857 1186 1037 1242 fatigata
1068 1188 1309 1233 identidem
1342 1209 1438 1235 mu-

85 1260 238 1301 liebres
269 1257 481 1299 adhibere
508 1257 750 1309 blanditias,
791 1266 841 1300 ut
866 1260 1046 1300 tandem
1072 1259 1224 1316 fugam
1254 1264 1437 1314 sisteret,

85 1331 351 1388 victorisque
399 1329 633 1371 Alexandri
676 1330 956 1372 clementiam
997 1339 1213 1388 expertuS,
1243 1335 1438 1390 placaret

87 1419 218 1461 quem
258 1402 449 1457 effugere
484 1417 576 1442 non
613 1410 772 1457 posset.
830 1404 940 1444 Tres
980 1403 1115 1444 adulti
1152 1413 1276 1448 erant
1314 1407 1437 1450 liberi

0 1473 2 1497 ²
36 1508 39 1513 .
87 1492 136 1516 ex
165 1490 216 1515 eo
247 1474 396 1531 geniti:
434 1490 544 1532 quos
585 1490 686 1516 cum
717 1474 888 1530 pectori
916 1474 1053 1530 patris
1083 1474 1359 1529 admovisset,
1391 1489 1440 1522 ut

86 1548 238 1588 saltem
277 1561 433 1587 eorum
469 1546 662 1587 misereri
704 1546 844 1595 vellet,
886 1546 1067 1598 orabat3
1100 1557 1143 1588 et
1173 1565 1261 1606 quo
1295 1550 1438 1594 cffica⁴

86 1619 226 1661 ciores
267 1625 410 1658 essent
447 1631 624 1673 preces,
673 1615 794 1658 haud
837 1617 994 1674 procul
1041 1628 1132 1661 erat
1180 1621 1438 1664 Alexander.

85 1691 157 1733 llle
197 1705 241 1731 se
280 1688 432 1746 prodi,
471 1704 564 1729 non
600 1680 772 1729 moneri
798 1696 932 1736 ratus,
965 1697 1006 1730 et
1031 1689 1203 1733 formae
1234 1694 1438 1749 profecto

85 1762 245 1803 fiducia
292 1775 452 1816 cupere
503 1770 601 1800 eam
653 1761 985 1818 quamprimum
1037 1761 1138 1803 dedi
1176 1764 1441 1814 Alexandro,

86 1834 311 1876 acinacem
347 1831 529 1879 strinxit,
566 1846 849 1886 percussurus
887 1847 1092 1880 uxorem,
1129 1835 1209 1877 nisi
1247 1837 1442 1894 prohibi-

88 1914 157 1947 tus
178 1911 288 1946 esset
305 1904 492 1945 fratrum
513 1903 603 1944 eius
624 1918 824 1946 occursu.
866 1901 1078 1945 Ceterum
1113 1905 1232 1948 abire
1260 1923 1441 1963 conspe-

88 1985 163 2020 ctu
194 1976 326 2026 iubet,
358 1976 507 2017 addito
534 1983 659 2017 metu
684 1975 853 2026 mortis,
884 1976 918 2017 si
947 1991 992 2018 se
1023 1977 1159 2020 oculis
1191 1976 1281 2020 eius
1312 1981 1441 2021 obtu-

86 2049 222 2098 lisset3
252 2055 296 2089 et
320 2047 376 2088 ad
418 2047 682 2088 desiderium
714 2047 950 2090 levandum
977 2044 1131 2091 noctes
1170 2063 1295 2106 agere
1326 2052 1441 2092 inter

86 2120 296 2178 pellices²
328 2119 487 2175 coepit.
547 2119 636 2160 Sed
676 2119 850 2175 penitus
884 2118 1071 2161 haerens
1112 2135 1240 2162 amor
1264 2122 1440 2166 fastidio

85 2190 383 2250 praesentium
421 2205 630 2232 accensus
667 2198 742 2233 est.
806 2194 963 2249 Itaque
1007 2206 1156 2233 rursus
1193 2195 1268 2235 uni
1301 2195 1336 2236 ei
1370 2197 1441 2237 de-

89 2264 213 2313 ditus,
250 2277 376 2304 orare
415 2277 507 2303 non
545 2262 730 2313 destitit,
768 2271 816 2304 ut
857 2263 932 2304 tali
975 2263 1156 2305 consilio
1189 2265 1440 2315 abstineret,

86 2341 396 2392 patereturque
423 2341 599 2382 sortem,
632 2350 939 2392 quamcunque
968 2335 1017 2376 iis
1045 2335 1224 2378 fortuna
1247 2336 1443 2379 fecisset:

88 2407 166 2447 sibi
196 2413 386 2446 mortem
420 2404 640 2446 deditione
675 2423 764 2448 esse
795 2408 1020 2448 leviorem.
1071 2409 1130 2448 At
1159 2408 1225 2448 illa
1255 2424 1441 2466 purgare

87 2492 143 2527 se,
177 2477 295 2533 quod
327 2492 437 2533 quae
476 2476 599 2518 utilia
641 2493 731 2518 esse
768 2478 975 2520 censebat
1010 2479 1283 2522 muliebriter
1318 2480 1445 2523 forsi-

21 2659 23 2678 ᾗ
85 2639 101 2663 1
131 2640 403 2686 Spitamenem⁴
606 2642 626 2666 2
665 2650 796 2676 noctes
825 2643 925 2677 inter
949 2643 1108 2689 pellices
1139 2654 1262 2689 agere.

1083 2706 1121 2745 R
1152 2708 1176 2744 2
