1703 2961
411 143 492 185 DE
532 141 741 185 GESTIS
767 140 936 184 ALEX.
978 141 1030 189 X,
1074 140 1137 181 10.
1369 140 1450 182 353

93 261 251 307 ducar,
296 258 503 313 querendi
549 256 677 297 simul
716 255 910 296 omnibus
954 256 1061 295 hanc
1117 269 1288 294 causam
1344 269 1449 298 esse,

93 347 220 386 quam
252 331 500 377 ostenditis,
530 331 575 369 in
606 343 690 382 qua
720 330 861 367 maior
890 343 996 380 pars
1026 329 1241 367 exercitus
1269 337 1447 375 nonest,

91 414 245 457 utpote
281 418 370 442 cum
407 403 550 456 plures
597 401 849 446 dimiserim,
899 415 1025 454 quam
1063 410 1305 440 retenturus
1340 415 1449 438 sum·

29 491 79 516 20
97 477 251 518 Subest
290 477 488 516 nimirum
529 474 665 515 alcius
695 473 866 517 malum,
911 473 1027 526 quod
1055 487 1197 512 omnes
1227 473 1393 511 avertit
1421 486 1448 510 a

92 565 168 588 me.
239 549 421 612 Quando
457 548 568 587 enim
603 560 742 598 regem
778 547 1004 585 universus
1048 545 1239 584 deseruit
1286 545 1446 583 exerci-

89 623 190 662 tus?
208 622 220 642 ¹
257 622 327 660 Ne
346 622 465 660 servi
491 619 664 674 quidem
691 632 772 658 uuo
799 633 928 670 grege
952 613 1214 674 profugiunt
1234 618 1446 666 dominos,

88 694 167 734 sed
198 702 265 733 est
287 694 465 747 quidam
503 695 550 732 in
586 692 678 732 illis
713 692 856 744 pudor
881 706 909 729 a
940 692 1094 731 ceteris
1122 691 1360 731 destitutos
1386 705 1447 730 re-

26 766 322 820 21linquendi.
391 766 549 807 Verum
588 778 667 817 ego
706 773 797 804 tam
831 760 1039 819 furiosae
1083 764 1446 804 consternationis

88 840 262 886 oblitus,
293 839 484 878 remedia
514 836 826 878 insanabilibus
856 850 986 876 conor
1001 836 1216 875 adhibere.
1268 837 1446 877 Omnem

87 912 256 952 hercule
294 927 427 964 spem,
468 926 594 964 quam
620 924 675 949 ex
702 909 830 950 vobis
860 923 1146 962 conceperam,
1177 911 1347 955 damno,
1374 923 1446 964 nec

87 994 137 1025 ut
166 1000 259 1024 cum
297 982 509 1023 militibus
545 984 662 1032 meis,
702 984 790 1022 iam
825 984 935 1022 enim
972 997 1062 1022 esse
1107 982 1336 1029 desistis‚²
1367 981 1446 1021 sed

23 1067 72 1092 22
89 1067 139 1097 ut
167 1072 260 1097 cum
297 1056 612 1109 ingratissimis
650 1057 795 1110 operis
831 1070 959 1107 agere
989 1056 1174 1093 decrevi.
1238 1055 1446 1094 Secundis

85 1129 223 1178 rebus,
251 1143 359 1183 quae
395 1126 697 1185 circumfluunt
724 1143 817 1174 vos,
848 1128 1036 1168 insanire
1066 1127 1283 1179 coepistis,
1315 1126 1446 1168 obliti

83 1210 230 1242 status
259 1202 363 1248 eius,
395 1215 516 1254 quem
543 1200 746 1257 beneficio
776 1201 963 1240 exuistis
994 1213 1098 1246 meo,
1117 1199 1244 1251 digni
1264 1199 1442 1248 hercule,

85 1276 161 1329 qui
189 1275 235 1315 in
265 1274 413 1314 eodem
452 1275 774 1321 consenescatis,
815 1274 1014 1327 quoniam
1041 1268 1235 1328 facilius
1274 1282 1341 1313 est
1367 1287 1444 1314 vo-

23 1348 153 1387 23bis
189 1348 434 1393 adversam,
470 1360 598 1400 quam
631 1347 861 1386 secundam
897 1360 1042 1398 regere
1064 1341 1312 1402 fortunam.
1372 1346 1444 1384 En

85 1422 285 1461 tandem!
324 1419 572 1472 Illyriorum
605 1418 737 1470 paulo
779 1427 879 1458 ante
917 1428 962 1459 et
1000 1420 1234 1458 Persarum
1263 1417 1442 1458 tributa-

86 1495 166 1533 riis
212 1492 322 1532 Λεία
350 1502 394 1532 et
423 1502 493 1532 tot
519 1493 711 1544 gentium
742 1492 886 1544 spolia
900 1488 1102 1548 fastidio
1130 1501 1244 1532 sunt.
1303 1492 1442 1532 Modo

23 1585 31 1592 ·
85 1566 162 1606 sub
192 1567 405 1618 Philippo
444 1566 682 1604 seminudis
714 1565 897 1605 amicula
937 1579 992 1604 ex
1030 1580 1224 1618 purpura
1254 1566 1441 1613 sordent,

87 1654 233 1680 aurum
275 1648 319 1679 et
366 1646 590 1689 argentum
633 1638 748 1678 oculi
776 1634 903 1695 serre
931 1652 1016 1678 non
1052 1648 1260 1691 possunt:
1293 1638 1443 1690 lignea

87 1714 198 1752 enim
226 1725 327 1750 vasa
356 1711 620 1758 desiderant,
648 1721 693 1752 et
721 1727 775 1751 εκ
806 1711 994 1752 cratibus
1035 1721 1162 1751 scuta
1189 1711 1443 1763 rubiginem-

25 1806 74 1833 24
87 1801 166 1841 que
209 1786 466 1838 gladiorum.
535 1785 633 1823 Hoc
673 1786 788 1825 cultu
831 1772 1019 1825 nitentes
1059 1798 1141 1826 vos
1188 1787 1354 1838 accepi,
1401 1794 1446 1826 et

87 1861 323 1913 quingenta
359 1856 526 1896 talenta
563 1858 676 1896 aeris
713 1858 859 1906 alieni,
894 1873 987 1897 cum
1028 1860 1164 1898 omnis
1207 1860 1330 1911 regia
1379 1873 1444 1898 su-

86 1932 232 1985 pellex
268 1930 387 1969 haud
422 1930 607 1982 amplius
645 1945 773 1984 quam
812 1932 1050 1984 sexaginta
1092 1931 1353 1971 talentorum
1386 1947 1445 1970 es-

88 2012 166 2051 set,
199 2017 383 2043 meorum
413 2017 586 2055 operum
611 1999 918 2061 fundamenta.
985 2004 1154 2063 Quibus
1180 2014 1324 2044 tamen
1356 2004 1444 2047 (ab-

72 2077 152 2115 *sit
178 2076 370 2126 invidia)
413 2076 637 2128 imperium
683 2079 900 2116 maximae
936 2086 1147 2117 terrarum
1183 2079 1327 2130 partis
1366 2079 1446 2116 im-

59 2167 74 2194 5
91 2149 232 2201 posui.
293 2149 476 2188 Asiaene
505 2158 748 2201 pertaesum
780 2160 857 2197 est,
888 2165 995 2204 quae
1027 2164 1108 2190 vos
1137 2151 1278 2202 gloria
1308 2165 1445 2189 rerum

88 2230 304 2273 gestarum
335 2222 425 2259 diis
456 2237 585 2274 pares
601 2218 753 2277 fecit?
799 2224 852 2262 In
888 2225 1111 2276 Europam
1148 2225 1211 2262 ire
1239 2237 1446 2275 propera-

91 2294 164 2342 tis,
210 2307 304 2343 rege
350 2295 534 2342 deserto,
587 2310 678 2334 cum
725 2295 921 2348 pluribus
957 2306 1149 2336 vestrum
1196 2297 1249 2334 de
1275 2305 1445 2334 uturum

90 2366 302 2404 viaticum
335 2361 498 2423 fierit,
555 2368 602 2406 ni
638 2383 709 2406 aes
747 2369 928 2408 alienum
978 2369 1171 2408 luissem:
1209 2383 1356 2421 nempe
1403 2370 1449 2407 in

34 2446 85 2475 26
99 2439 299 2477 Asiatica
338 2441 516 2491 praeda.
585 2442 679 2480 Nec
714 2443 851 2494 pudet
889 2437 1109 2497 profundo
1149 2453 1298 2480 ventre
1330 2443 1449 2480 devi-

90 2520 255 2550 ctarum
308 2515 500 2563 gentium
549 2514 695 2565 spolia
732 2511 1091 2573 circumferentes,
1134 2516 1299 2555 reverti
1337 2516 1451 2554 velle

93 2637 108 2660 1
138 2638 323 2670 exercitus
354 2637 529 2673 deseruit.
733 2642 752 2666 2
780 2642 983 2676 destitistis.
