1703 2961
211 125 294 170 368
675 121 731 177 Q.
765 120 971 169 CURTu
999 124 1139 168 RUFI

211 239 482 285 hibebancur,
515 235 680 285 coeant,
709 239 909 291 quotiens
940 242 985 280 in
1016 253 1230 280 commune
1250 241 1443 284 consulto
1464 257 1572 297 opus

198 310 372 370 suerit:
402 326 543 365 eoque,
575 311 691 365 quod
722 312 862 351 maior
900 327 1006 365 pars
1035 327 1177 353 eorum
1206 314 1464 365 decreverit,
1491 326 1572 357 ste-

211 396 297 434 tur,
343 385 472 446 duces
498 379 794 440 praefectique
824 388 1047 438 copiarum
1075 387 1146 425 his
1169 396 1366 438 pareant.
1424 387 1567 428 Ptole-
1588 400 1636 428 16

210 471 339 498 maeo
383 455 576 512 quidam,
626 455 885 510 pauciores1
933 456 1168 497 Perdiccae
1207 457 1568 500 assentiebantur.

210 530 328 570 Tum
360 528 592 569 Aristonus
630 541 752 567 orsus
790 533 854 566 cst
883 525 1042 577 dicere,
1073 527 1368 568 Alexandrum
1403 530 1572 571 consul-

208 607 318 649 tum,
359 598 429 639 cui
469 597 734 654 relinqueret
771 612 967 654 regnum,
1005 599 1186 641 voluisse
1220 600 1441 656 optimum
1470 600 1571 642 deli-

209 673 266 729 gi.
334 670 583 712 iudicatum
625 676 775 710 autem
816 670 870 710 ab
907 670 1002 726 ipso
1045 670 1265 726 optimum
1296 672 1566 723 Perdiccam,

209 744 280 787 cui
308 742 488 784 anulum
518 741 776 783 tradidisset.
843 743 998 798 Neque
1035 742 1153 783 enim
1198 758 1336 783 unum
1377 727 1626 797 eximias-17

206 816 364 858 sedisse
396 813 616 864 morienti,
649 815 725 856 sed
757 813 1142 856 circumferentem
1171 814 1322 856 oculos
1351 831 1401 856 ex
1433 815 1564 856 turba

205 889 452 931 amicorum
480 886 697 942 delegisse,
731 887 799 928 cui
820 886 1026 928 traderet.
1087 886 1265 927 Placere
1290 886 1432 942 igitur,
1452 901 1568 927 sum-

201 976 324 1004 mam
359 958 528 1015 imperii
565 959 621 1000 ad
651 959 909 1000 Perdiccam
941 958 1114 1001 deferri.
1174 959 1268 1000 Nec
1301 958 1623 1008 dubitavere‚13

203 1034 310 1091 quin
358 1046 460 1073 vera
505 1038 713 1072 censeret.
802 1032 954 1088 ltaque
1002 1029 1186 1071 universi
1238 1030 1480 1087 procedere
1519 1030 1565 1072 in

202 1104 401 1147 medium
430 1103 690 1143 Perdiccam
731 1110 775 1144 et
802 1103 914 1159 regis
947 1102 1129 1144 anulum
1160 1101 1311 1143 tollere
1342 1101 1564 1143 iubebant.

201 1177 425 1218 Haerebat
455 1174 570 1215 inter
598 1173 887 1228 cupiditatem
925 1175 1246 1230 pudoremque,
1275 1180 1318 1215 et
1349 1189 1438 1230 quo
1468 1190 1562 1216 mo-

201 1249 361 1291 destius
398 1247 518 1304 quod
560 1245 818 1300 expectabat
856 1252 1106 1301 appeteret,
1147 1244 1415 1300 pervicacius
1448 1246 1564 1288 obla-

198 1329 323 1363 turos
364 1334 454 1360 esse
493 1317 714 1360 credebat.
784 1318 938 1373 Itaque
979 1322 1223 1364 cunctatus,
1261 1315 1422 1372 diuque
1453 1318 1618 1373 quid19

200 1399 346 1450 ageret
385 1391 589 1440 incertus,
632 1389 688 1430 ad
727 1387 936 1430 ultimum
975 1395 1125 1428 tamen
1156 1386 1345 1436 recessit,
1391 1396 1434 1429 et
1458 1397 1561 1445 post

198 1481 286 1515 eos,
317 1463 391 1522 qui
419 1463 624 1504 sederant
659 1461 859 1517 proximi,
893 1459 1097 1502 constitit.

132 1542 179 1583 21
285 1538 346 1578 At
377 1535 607 1592 Meleager,
647 1549 759 1574 unus
800 1550 822 1574 e
863 1533 1067 1582 ducibus,
1108 1529 1370 1573 confirmato
1398 1531 1559 1583 animo,
1577 1556 1626 1580 20

198 1626 330 1669 quem
362 1607 597 1649 Perdiccae
630 1606 856 1648 cunctatio
887 1612 1094 1655 erexerat,
1125 1608 1220 1646 Nec
1250 1607 1318 1645 dii
1346 1607 1517 1655 sierint,
1538 1609 1557 1631 ²

195 1682 352 1741 inquit,
382 1692 432 1722 uc
457 1681 702 1722 Alexandri
726 1676 921 1738 fortuna
950 1681 1147 1733 tantique
1176 1681 1300 1732 regni
1310 1676 1557 1737 fastigium

193 1760 240 1798 in
268 1759 380 1797 isc-os
409 1757 605 1796 humeros
634 1763 756 1794 ruat:
791 1753 984 1794 homines
1026 1763 1139 1793 certe
1165 1767 1248 1793 non
1257 1748 1423 1810 ferent.
1474 1754 1557 1793 Ni-

191 1832 256 1872 hil
284 1832 384 1871 dico
423 1830 477 1868 cle
516 1826 811 1872 nobilioribus,
850 1841 979 1880 quam
1022 1827 1093 1865 hic
1132 1835 1210 1873 esc,
1249 1826 1328 1865 sed
1357 1827 1411 1865 de
1441 1828 1556 1867 viris

191 1914 373 1952 cantum,
401 1901 554 1957 quibus
584 1901 743 1941 invitis
775 1899 890 1938 'nihil
917 1900 1092 1952 perpeti
1119 1913 1286 1939 necesse
1316 1907 1394 1938 esc.
1454 1901 1607 1941 Neon

189 1992 294 2019 vero
329 1979 525 2023 interese,
553 1975 762 2014 Roxanes
774 1971 939 2029 filium,
970 1972 1225 2026 quandoque
1254 1973 1428 2024 genitus
1457 1974 1557 2024 eric,

188 2067 244 2091 an
282 2050 540 2090 Perdiccam
583 2061 725 2098 regem
760 2046 980 2091 habeatis,
1023 2059 1115 2084 cum
1156 2046 1240 2085 iste
1279 2043 1356 2084 sub
1392 2046 1555 2085 tutelae

187 2125 331 2176 specie
368 2135 542 2174 regnum
579 2129 864 2172 occupaturus
896 2121 969 2158 sib.
1038 2121 1194 2173 Itaque
1236 2131 1357 2172 nemo
1397 2118 1438 2155 ei
1474 2132 1553 2157 rex

186 2197 346 2251 placeb,
376 2196 464 2236 nisi
492 2195 568 2249 qui
597 2193 783 2234 nondum
813 2201 942 2232 natus
973 2200 1052 2237 ese,
1085 2202 1129 2231 ec
1158 2193 1203 2230 in
1218 2201 1345 2231 hanla
1366 2192 1550 2231 omnium

179 2266 486 2326 festinatione,
538 2281 623 2308 non
663 2267 781 2306 iusta
822 2265 964 2310 modo,
1003 2263 1082 2302 secl
1122 2264 1255 2302 etiam
1294 2265 1550 2311 necessaria,

187 2353 365 2381 exactos
415 2355 575 2379 menses
616 2339 734 2378 solus
783 2346 1002 2391 expectat,
1045 2344 1089 2374 et
1126 2337 1213 2374 iam
1252 2336 1428 2376 divinae
1465 2351 1548 2374 ma-

187 2430 276 2454 rem
322 2427 410 2452 esse
453 2424 728 2465 concepcum5
779 2427 902 2466 quem
942 2425 1021 2450 vos
1059 2408 1302 2448 dubita-cist
1344 2418 1548 2461 paratum

189 2503 279 2528 esse
327 2487 399 2526 vel
447 2485 640 2526 subdere.
734 2485 784 2525 Sc·
822 2483 1124 2538 mediusfidius
1159 2481 1408 2522 Alexander
1441 2483 1610 2521 lzunc22

1431 2554 1554 2594 nobis

192 2629 208 2652 1
236 2629 421 2674 potiores,
450 2627 552 2673 quod
576 2636 664 2661 crac
691 2625 740 2660 de
765 2628 999 2659 coniectura.
1042 2625 1061 2649 2
1085 2624 1256 2658 siverint.
1309 2625 1326 2654 3
1359 2624 1550 2665 dubitatis.
