1703 2961
534 129 1003 178 PRAEFATIO.
1321 143 1444 173 xxix

73 252 250 308 filium,
299 253 606 299 Aeolensem
668 253 721 296 in
772 250 982 296 historia
1030 247 1305 295 Alexandri
1365 246 1448 303 (αἱ

71 321 184 378 περὶ
214 313 546 375 Ἁλέξανδρον
563 315 800 376 ἱστορίαι,
837 319 938 361 sive
974 310 1039 359 τὰ
1070 316 1183 374 περὶ
1209 308 1447 367 Ἀλέξαν-

72 383 216 444 δρον,
267 397 480 443 utroque
517 384 654 427 enim
685 382 839 427 modo
866 380 1178 439 Athenaeus)
1203 380 1320 425 inde
1353 397 1444 442 pa-

71 463 156 505 tet,
205 449 342 510 quod
378 447 513 493 haud
548 463 730 508 pauca,
780 462 910 508 quae
954 448 1228 507 scriptores
1266 447 1443 492 Clitar-

72 515 154 560 chi
197 516 405 559 nomine
438 513 636 558 adiecto
680 514 966 574 proferunt,
1023 526 1192 573 paene
1241 511 1440 557 disertis

71 579 231 625 verbis
269 578 407 640 apud
438 578 727 623 Diodorum
763 580 1113 624 inveniuntur:
1148 576 1260 622 vide
1292 579 1443 625 VVes-

72 646 246 705 seling.
296 643 358 689 ad
408 644 517 690 libr.
564 644 635 701 17,
695 660 806 704 cap.
855 647 926 689 14.
968 644 1044 690 75.
1089 642 1165 689 77.
1213 645 1286 690 90.
1337 647 1442 690 108.

73 712 186 771 ipse
227 722 397 755 autem
441 709 704 755 Diodorus
743 711 944 755 nullum
994 711 1047 753 in
1091 708 1189 753 hac
1236 708 1445 770 quidem

71 777 243 837 operis
279 787 426 836 parte
461 788 722 820 auctorem
743 775 926 831 laudat,
953 773 1192 820 Clitarchi
1227 776 1444 819 mentio-

68 856 187 886 nem
225 840 348 886 facit
382 841 468 886 lib.
503 842 562 886 ΙΙ.
596 857 636 886 c.
675 841 701 888 7
746 842 797 886 in
843 839 1189 887 describendis
1223 840 1443 901 Babylo-

69 908 273 951 niorum
308 909 476 962 muris,
511 906 751 952 translata
784 909 834 951 in
881 904 1036 950 alium
1060 907 1231 966 operis
1269 907 1445 951 locum

67 972 220 1016 huius
254 974 322 1017 rei
362 974 678 1027 tractatione,
717 988 870 1031 quam
890 972 1092 1017 Curtius
1125 970 1308 1016 eodem
1337 987 1446 1032 quo

70 1038 356 1083 Clitarchus
402 1037 557 1081 habet
607 1036 688 1081 iil).
733 1038 788 1093 V,
837 1052 877 1081 c.
921 1039 967 1082 4.
1066 1036 1280 1082 Accedit
1323 1037 1442 1093 huc,

70 1101 210 1163 quod
231 1104 432 1148 Curtius
465 1119 571 1147 non
599 1103 725 1147 alios
764 1104 999 1146 nominat
1046 1115 1296 1159 auctores,
1342 1104 1443 1147 nisi

68 1168 383 1214 (jlitarclium
420 1181 469 1212 et
504 1169 847 1229 Timagenem,
893 1169 976 1223 lX,
1018 1171 1094 1223 21,
1149 1168 1332 1227 quibus
1384 1168 1443 1213 il-

65 1234 133 1278 lic
168 1234 447 1278 Ptolemaei
496 1235 850 1278 auctoritatem
887 1235 1127 1294 opponit.
1209 1234 1443 1295 Timage-

65 1314 495 1360 nemsupparem
530 1315 679 1343 suum
708 1299 1007 1360 Romaeque
1046 1301 1300 1344 viventem
1333 1315 1443 1344 non

64 1364 263 1409 videtur
306 1380 423 1409 cum
468 1364 618 1409 laude
660 1365 843 1409 imitari
884 1366 1132 1425 potuisse,
1201 1381 1229 1410 a
1272 1365 1442 1410 Ptole-

66 1445 212 1475 maeo
247 1428 538 1490 discrepare
573 1431 771 1475 Arriani
808 1430 1034 1486 historia,
1080 1445 1211 1490 quae
1248 1445 1307 1474 ex
1344 1431 1436 1474 illo

65 1494 271 1556 pendet,
304 1495 632 1551 demonstrat,
656 1496 959 1554 relinquitur
984 1510 1116 1540 unus
1139 1495 1440 1552 Clitarchus,

67 1575 222 1619 quem
257 1559 371 1603 data
410 1561 696 1615 occasione,
734 1561 931 1604 scilicet
963 1572 1020 1604 ut
1057 1561 1134 1605 sui
1174 1560 1343 1605 iudicii
1373 1563 1441 1606 vi-

67 1624 271 1668 deretu1
307 1639 432 1679 esse,
471 1625 622 1668 etiam
656 1624 1036 1684 reprehendere
1060 1640 1209 1670 ausus
1247 1638 1335 1671 est.
1377 1627 1441 1671 Et

69 1689 290 1734 eundem
335 1691 518 1733 iteium
559 1688 732 1734 laudat
774 1690 858 1746 lX,
902 1693 965 1735 32
1012 1691 1259 1755 octoginta
1301 1691 1441 1736 milia

66 1755 219 1800 Indoi·
223 1771 304 1797 ιιιιι
329 1755 379 1797 in
407 1770 462 1798 ea
486 1755 683 1817 regione
715 1770 850 1800 caesa
875 1728 1146 1800 Clitarchus
1165 1766 1233 1802 esc
1258 1767 1441 1810 auctor,

66 1821 418 1864 consentiente
450 1818 685 1864 Diodoro
738 1835 852 1896 cap
899 1823 1017 1865 102:
1051 1815 1319 1879 κατέκοψε
1339 1818 1441 1866 τῶν

61 1879 353 1944 βαρβάρων
385 1879 510 1944 ὑπὲρ
538 1880 630 1937 τὰς
666 1878 800 1930 ὀκτώ
827 1880 1102 1945 μυοιάδας.
1172 1888 1442 1962 Ingenium

65 1950 305 1995 Clitarchi
343 1949 485 2011 apud
514 1961 707 1995 veteres
735 1952 790 1995 in
823 1951 1024 1996 honore
1053 1963 1172 2009 erat,
1202 1950 1328 1998 fides
1363 1954 1439 1997 in-

62 2017 242 2076 primis
276 2017 326 2059 in
353 2014 505 2060 rebus
539 2015 855 2061 naturalibus
887 2015 1243 2063 infamabatur.
1308 2016 1439 2065 Vide

66 2081 451 2140 Quintilianum
486 2081 606 2127 Inst.
668 2083 809 2127 Orat.
844 2081 905 2137 X,
946 2084 988 2138 1,
1026 2080 1089 2129 74
1123 2095 1173 2129 et
1207 2098 1340 2144 quae
1375 2082 1439 2128 ad

63 2161 181 2191 eum
216 2146 391 2190 locum
438 2145 764 2208 Spaldingius
821 2150 1096 2204 annotavit,
1146 2147 1330 2194 hausta
1375 2163 1438 2194 ex

60 2211 228 2257 Vossii
266 2210 397 2255 libro
437 2213 455 2256 l
491 2210 553 2256 de
583 2210 834 2257 historicis
860 2211 1067 2258 Graecis
1094 2225 1144 2258 et
1166 2213 1437 2260 Santacru-

62 2278 126 2321 cii
151 2278 394 2322 Examine
428 2275 794 2321 historicorum
815 2277 1092 2324 Alexandri
1112 2280 1288 2342 Magni
1320 2294 1436 2341 pag.

62 2343 120 2386 41
156 2358 228 2403 sq.
299 2343 434 2387 Hinc
468 2342 719 2403 pleraque
754 2342 1027 2400 fluxerunt,
1064 2359 1197 2405 quae
1232 2345 1287 2389 in
1314 2346 1438 2390 Cur-

62 2407 134 2450 tio
172 2405 643 2481 reprehenduntur,
705 2423 826 2453 nam
870 2407 1029 2454 homo
1077 2411 1341 2455 Romanus
1389 2422 1440 2455 et

61 2470 238 2517 rhetor
269 2473 351 2517 vix
397 2471 666 2517 emendare
713 2475 1000 2534 quicquam,
1036 2474 1176 2535 quod
1205 2474 1267 2520 ad
1285 2476 1438 2522 Asiae
1489 2466 1496 2472 ’

60 2538 420 2583 remotissimas
465 2539 698 2598 regiones
733 2538 1038 2599 pertinebat,
1083 2551 1302 2601 poterat,
1349 2540 1438 2586 ali-

63 2618 163 2663 qua
206 2604 356 2649 etiam
392 2615 612 2664 propter
652 2619 824 2651 rerum
867 2606 1206 2668 ignorantiam
1245 2618 1296 2652 et
1338 2621 1439 2652 ser-
