1703 2961
130 441 182 485 34

194 156 275 200 334
646 156 703 213 Q.
735 154 942 198 ‹11an
968 155 1106 197 Rom

194 271 327 312 baros
363 276 413 310 ut
452 270 593 326 prima
643 283 739 327 spes
785 267 1021 319 fefellerat,
1064 282 1109 309 se
1146 268 1266 325 ipsos
1309 266 1556 324 urbemque

197 343 472 384 dediderunt.

279 444 395 486 Hinc
430 444 475 485 in
509 442 756 499 proximam
795 448 968 498 gentem
1009 441 1252 483 Pataliam1
1293 453 1554 501 perventum

195 523 270 557 est.
328 517 422 557 Rex
462 524 555 557 erat
601 514 786 563 Moeris,
831 514 904 572 qui
943 514 1052 555 urbe
1093 514 1259 556 deserta
1297 516 1342 557 in
1381 525 1557 559 montes

192 587 462 645 profugerat.
527 589 680 644 Itaque
716 587 963 628 Alexander
1005 585 1171 642 oppido
1201 588 1383 643 potitur,
1418 604 1550 646 agros
1573 602 1620 631 29

194 659 278 717 (jue
306 660 557 718 populatur.
626 659 815 716 Magnae
855 659 956 700 inde
984 658 1172 713 praedae
1201 666 1324 701 actae
1356 668 1456 701 sunt
1486 677 1557 716 pe-

196 748 352 774 corum
393 739 799 788 armentorumque,
840 746 996 787 magna
1037 731 1096 771 vis
1125 739 1297 788 reperta
1333 732 1557 775 frumenti.

193 805 393 846 Ducibus
427 804 585 845 deinde
615 803 796 859 sumptis
837 804 977 845 amnis
1006 803 1169 860 peritis,
1203 803 1382 846 defluxit
1410 806 1465 847 ad
1500 805 1559 848 in-
1575 818 1617 846 3(

194 878 333 919 sulam
364 877 512 918 medio
542 876 679 917 ferme
713 876 832 918 alveo
866 884 1056 918 enatam.
1247 921 1250 928 Ι

277 949 343 991 lbi
387 948 548 990 diutius
590 947 819 990 subsistere
864 956 1069 999 coactus,
1098 948 1199 1005 quia
1239 948 1371 990 duces
1409 959 1618 992 socor-Ix.

195 1022 291 1064 dius
340 1020 543 1062 asservati
593 1020 902 1077 profugerant,
954 1022 1074 1063 misit
1123 1021 1196 1078 qui
1248 1022 1562 1079 conquirerent
1612 1062 1617 1065 t

194 1095 312 1144 alios,
339 1109 421 1134 nec
452 1093 648 1149 repertis,
677 1093 879 1149 pervicax
895 1094 1091 1149 cupido²
1121 1093 1285 1134 visendi
1310 1095 1561 1143 Oceanum,

195 1166 471 1222 adeundique
504 1165 718 1206 terminos
756 1165 925 1214 mundi,
956 1166 1046 1207 sine
1074 1166 1263 1223 regionis
1288 1150 1463 1223 peritis,
1482 1166 1561 1207 flu-

192 1239 302 1281 mini
336 1239 486 1295 ignoto
531 1245 663 1293 caput
701 1252 841 1285 suum,
883 1244 1038 1294 totque
1073 1237 1420 1280 fortissimorum
1447 1239 1560 1280 viro-

190 1328 293 1353 rum
331 1310 516 1352 salutem
559 1308 815 1364 permittere
845 1308 872 1336 ἕξ
917 1310 1195 1366 Navigabant
1224 1325 1326 1365 ergo
1359 1312 1560 1352 omniurn
1594 1325 1612 1346 ι’

191 1399 272 1442 per
300 1399 411 1440 quae
451 1382 709 1423 ferebantur
748 1380 899 1436 ignari.
974 1381 1207 1436 Quantum
1247 1381 1350 1423 inde
1393 1383 1563 1425 abesset

191 1472 328 1506 mare,
373 1471 485 1512 quae
525 1460 675 1511 gentes
714 1451 935 1503 colerent,
973 1469 1108 1510 quam
1158 1453 1383 1510 placidum
1424 1455 1564 1496 amnis

193 1545 255 1577 OS,
282 1520 429 1586 ‘quam
468 1526 639 1584 patiens
678 1525 909 1582 longarum
945 1526 1123 1567 navium
1165 1533 1295 1576 esset,
1327 1542 1487 1583 anceps
1520 1536 1563 1568 ct

194 1618 324 1644 caeca
363 1599 608 1643 aestimatio
652 1598 961 1653 augurabatur.
1027 1599 1181 1640 Unum
1221 1605 1315 1641 erat
1340 1600 1562 1641 temerita-
1595 1611 1613 1637 3

192 1674 247 1716 tis
278 1674 484 1716 solatium
529 1677 739 1726 perpetua
777 1669 972 1711 felicitas.
1037 1673 1131 1712 Iam
1164 1683 1262 1711 cccc
1295 1671 1434 1713 stadia
1463 1687 1562 1727 pro-
1612 1659 1616 1662 .

195 1753 427 1792 cesserant,
472 1760 573 1787 cum
614 1738 930 1799 gubernatores
978 1758 1214 1799 agnoscere
1254 1742 1369 1798 ipsos
1407 1760 1560 1786 auram

192 1818 340 1865 maris,
381 1824 424 1857 et
461 1815 581 1857 hau'd
622 1813 778 1869 procul
818 1814 954 1854 videri
996 1815 1074 1857 sibi
1117 1816 1353 1857 Oceanum
1397 1817 1561 1865 abesse,

193 1889 392 1930 indicant
419 1889 524 1945 regi.
583 1888 741 1928 Laetus
781 1887 847 1927 ille
874 1887 1043 1928 hortari
1079 1887 1279 1929 nauticos
1314 1888 1469 1943 coepit,
1503 1888 1564 1930 in·
1594 1901 1614 1924 4

194 1961 458 2002 cumberent
499 1961 650 2001 remis:
708 1959 856 2000 adesse
895 1959 1029 2000 finem
1061 1959 1222 2001 laboris
1255 1959 1461 2001 omnibus
1489 1976 1564 2002 vo-

193 2034 247 2074 tis
275 2033 538 2089 expetitum3
590 2033 679 2073 iam
723 2031 828 2072 nihil
860 2031 1023 2088 ¹gloriae
1055 2031 1215 2082 deesse,
1246 2031 1355 2073 nihil
1387 2032 1562 2073 obstare

193 2105 356 2153 xirtuti,
386 2105 475 2146 sine
503 2105 589 2146 ullo
628 2103 786 2146 Martis
823 2104 1089 2154 discrimine,
1131 2103 1221 2145 sine
1252 2104 1461 2160 sanguine
1491 2119 1562 2145 or-

192 2179 297 2219 bem
338 2185 480 2218 terrae
521 2178 574 2219 ab
618 2177 696 2218 illis
737 2176 859 2232 capi3
919 2192 974 2217 ne
1012 2183 1218 2216 naturam
1262 2176 1442 2233 quidem
1469 2174 1562 2216 lon-

193 2251 286 2307 gius
315 2267 440 2306 posse
472 2249 735 2305 procedere;
802 2249 923 2290 brevi
958 2247 1178 2304 incognita
1217 2247 1296 2288 nisi
1335 2247 1562 2288 immorta-

194 2323 304 2364 libus
341 2340 430 2364 esse
470 2323 648 2363 visuros.
715 2322 883 2362 Paucos
923 2327 1073 2361 tamen
1122 2318 1290 2375 navigio
1330 2319 1475 2360 emisit
1516 2318 1561 2360 in
1595 2333 1611 2358 5

194 2396 357 2451 ripam,
399 2394 471 2452 qui
514 2401 702 2451 agrestes
736 2407 867 2449 vagos
904 2392 1174 2447 exciperent,
1217 2407 1240 2433 e
1282 2390 1439 2448 quibus
1473 2405 1563 2433 cer-

195 2554 211 2577 1
239 2551 468 2586 Pathaliam.
692 2549 712 2574 2
736 2548 901 2582 additur
924 2549 1034 2594 vulgo
1062 2547 1112 2582 cle
1133 2550 1357 2582 coniectura
1382 2547 1539 2581 incessit
1550 2545 1564 2591 ;'

286 2605 464 2651 equidem
498 2606 538 2638 in
557 2603 649 2649 fine
686 2602 872 2637 excidisse
902 2605 1121 2650 putaverim
1155 2602 1311 2636 verbum
1345 2601 1484 2647 coegit,
1508 2600 1566 2634 vel

287 2659 425 2693 simile.
