1703 2961
363 171 444 214 DE
477 170 681 215 GESTlS
711 170 880 213 ALEX.
915 172 1006 223 Vn,
1038 171 1102 214 43.
1336 174 1416 219 2423

68 285 215 331 Noctu
240 282 439 334 demum5
464 299 564 327 cum
596 282 839 324 obscuritas
865 290 1152 340 conspectum
1183 286 1417 330 oculorum

7 371 49 396 21
67 355 316 406 ademisset,
364 355 419 396 ad
466 355 710 396 curandum
761 370 920 410 corpus
968 356 1153 397 recessit.
1233 359 1414 402 Postero

26 471 27 475 ,
68 427 136 472 die
180 428 382 469 nondum
419 428 519 468 satis
567 426 680 468 clara
727 424 825 467 luce
872 426 1037 480 primus
1084 428 1202 475 vela,
1244 430 1413 485 signum

69 499 181 554 capti
212 499 399 550 verticis,
428 497 660 552 conspexit.
728 497 815 540 Sed
845 513 899 538 ne
927 498 1151 539 falleretur
1179 500 1304 549 acics,
1337 502 1412 542 du-

63 570 203 611 bitare
244 571 428 627 cogebat
467 572 648 612 varietas
685 569 805 625 coeli,
843 585 960 611 nunc
998 570 1278 613 internitente
1306 571 1413 615 lucis

62 642 253 698 fulgore,
293 658 410 684 nunc
451 642 642 683 condito.
709 641 880 682 Verum
917 646 964 683 ut
999 641 1206 698 liquidior
1241 643 1311 685 lux
1342 659 1412 700 ap-

13 724 48 750 t2
63 714 208 770 paruit
239 714 375 765 coelo,
408 713 621 756 dubitatio
652 720 852 768 exempta
885 720 968 762 est;
1003 720 1297 771 vocatumque
1328 715 1411 757 Co-

61 786 200 842 phen,
238 800 319 842 per
369 801 499 842 quem
549 784 842 826 barbarorum
894 785 1065 826 animos
1110 792 1411 842 temptaverat,

61 857 196 898 mittit
236 856 291 898 ad
328 871 414 904 eos,
454 856 527 913 qui
567 863 792 903 moneret,
835 871 953 897 nunc
997 857 1150 898 saltem
1200 858 1411 900 salubrius

62 928 289 970 consilium
326 928 507 968 inirent:
549 928 613 968 sin
661 935 808 968 autem
849 926 1006 970 fiducia
1044 929 1127 971 loci
1168 943 1412 985 persevera-

58 1007 171 1048 rent,
210 999 380 1041 ostendi
420 1013 443 1039 a
475 1006 595 1054 tergo
638 998 767 1049 iussit,
808 1000 880 1055 qui
933 1008 1140 1056 ceperant
1188 1000 1409 1041 verticem.

30 1071 238 1127 3Cophes
278 1070 488 1112 admissus
525 1071 705 1112 suadere
734 1070 881 1126 coepit
907 1070 1094 1126 Arimazi
1126 1077 1298 1127 petram
1326 1079 1409 1112 tra-

63 1143 179 1192 dere,
221 1143 406 1198 gratiam
443 1142 552 1198 regis
583 1142 765 1192 inituro,
805 1142 837 1182 si
878 1149 1020 1183 tantas
1048 1158 1114 1183 res
1151 1143 1407 1184 molientem

58 1205 260 1256 in⁹unius
296 1214 414 1270 rupis
452 1213 678 1254 obsidione
716 1211 896 1254 haerere
927 1229 1017 1254 non
1048 1214 1266 1271 coegisset.
1321 1215 1408 1264 llle,

59 1285 248 1328 ferocius
285 1285 597 1342 superbiusque
640 1299 772 1341 quam
804 1292 929 1326 antea
962 1285 1145 1336 locutus,
1177 1286 1294 1327 abire
1323 1286 1409 1329 Co-

27 1358 178 1414 4phen
209 1358 343 1399 iubet.
400 1358 461 1398 At
490 1357 523 1397 is
554 1360 792 1412 prensum¹
827 1372 961 1398 manu
1002 1357 1241 1399 barbarum
1270 1365 1409 1415 rogat,

61 1437 109 1470 ut
138 1445 288 1471 secum
327 1435 443 1469 extra
479 1443 657 1484 specum
698 1428 902 1484 prodeat:
943 1444 1030 1484 quo
1070 1429 1319 1485 impetrato,
1350 1429 1411 1469 iu-

57 1515 187 1541 venes
214 1501 259 1541 in
300 1500 527 1543 cacumine
566 1499 782 1548 ostendit,
821 1500 997 1557 eiusque
1033 1501 1260 1557 superbiae
1292 1500 1410 1541 haud

57 1571 279 1612 immerito
309 1572 501 1619 illudens,
544 1573 699 1627 pinnas
729 1572 892 1611 habere
926 1572 1019 1611 ait²
1048 1571 1207 1612 milites
1231 1571 1413 1612 Alexan-

34 1644 134 1686 sdri.
194 1645 375 1699 Iamque
412 1657 435 1682 e
461 1641 761 1683 Macedonum
799 1641 947 1684 castris
976 1642 1198 1698 signorum
1227 1657 1413 1684 concen-

58 1723 126 1757 tus
165 1721 208 1756 et
243 1714 374 1756 totius
408 1713 620 1753 exercitus
671 1713 838 1755 clamor
873 1713 1146 1755 audiebatur.
1224 1713 1290 1754 Ea
1331 1729 1409 1763 res,

59 1787 172 1829 sicut
201 1786 407 1843 pleraque
437 1784 536 1825 belli
564 1799 674 1825 vana
707 1793 749 1826 et
777 1784 934 1834 inania,
961 1784 1173 1827 barbaros
1212 1785 1267 1826 ad
1296 1786 1411 1827 dedi·

58 1859 227 1900 tionem
264 1857 409 1898 traxit.
492 1856 667 1913 Quippe
709 1856 916 1913 occupati
965 1864 1087 1913 metu
1144 1857 1411 1914 paucitatem

0 1961 2 1965 -
63 1945 232 1977 eorum,
273 1927 345 1986 qui
382 1943 405 1970 a
442 1934 564 1984 tergo
615 1936 751 1978 erant,
794 1927 1022 1970 aestimare
1069 1943 1161 1970 non
1191 1935 1412 1985 poterant,

0 2034 3 2039 .
61 2000 216 2058 Itaque
261 1998 450 2056 Cophen
489 2002 613 2051 (nam
647 2000 917 2056 trepidantes
949 1999 1203 2056 reliquerat)
1238 2008 1414 2042 strenue

0 2097 4 2121 2
62 2064 284 2120 revocant,
323 2078 367 2112 et
410 2086 512 2112 cum
549 2085 601 2111 eo
635 2084 716 2112 mu<
749 2070 968 2128 principes
1007 2071 1202 2122 mittunt,
1241 2071 1313 2128 qui
1343 2087 1416 2128 pe·

62 2149 179 2195 tram
207 2142 392 2191 tradant,
423 2149 467 2182 et
497 2148 546 2183 ut
570 2142 863 2184 incolumibus
884 2143 999 2184 abire
1030 2143 1170 2191 liceat,
1195 2143 1417 2200 paciscan—

65 2220 148 2256 tur.
215 2213 290 2255 Ille
331 2229 601 2271 quamquam
638 2215 882 2264 verebatur,
931 2231 986 2256 ne
1027 2222 1262 2272 conspecta
1302 2214 1417 2255 iuve-

8 2341 10 2345 ,
64 2299 173 2327 num
203 2285 423 2342 paucitate
455 2286 740 2327 deturbarent
768 2299 843 2327 eos
870 2286 1058 2337 barbari,
1088 2295 1238 2328 tamen
1268 2294 1311 2327 et
1329 2285 1418 2327 for-

9 2405 12 2410 .
66 2362 198 2398 *tunae
243 2371 344 2398 suae
390 2355 597 2407 confisus,
647 2364 691 2398 et
731 2356 921 2397 Arimazi
954 2359 1182 2414 superbiae
1211 2357 1418 2406 infensus,

67 2427 232 2469 nullam
264 2444 310 2470 se
337 2428 647 2470 condicionem
683 2428 914 2470 deditionis
949 2430 1148 2485 accipere
1177 2429 1418 2487 respondit.

73 2499 304 2550 Arimazes,
351 2499 584 2555 desperatis
611 2500 748 2557 magis
788 2515 923 2557 quam
959 2501 1290 2555 perditisrehus,
1319 2517 1419 2545 cum

71 2655 90 2683 1
118 2652 363 2702 prehensum.
564 2657 585 2684 2
613 2668 758 2704 pennas
788 2658 840 2693 ait
862 2657 1018 2694 habere.

1065 2720 1159 2777 Q2
