1703 2961
235 96 315 138 152
697 94 752 150 Q.
782 91 988 136 CURTll
1017 94 1155 139 RUFI

237 207 333 240 olim
359 207 455 253 regis
483 207 694 249 Persarum,
719 205 878 244 invenit,
906 217 1068 252 eamque
1095 209 1378 244 commiseratus
1409 209 1449 243 in
1473 208 1596 255 pristi-

238 280 329 301 nam
363 267 557 301 fortunam
592 268 766 302 restituit.
824 266 921 300 Item
965 276 1109 302 ceteros
1151 270 1322 316 captivos
1363 270 1596 315 recognovit,

238 340 349 363 suum
386 329 634 363 nobilissimis
667 329 858 362 honorem
888 339 1053 363 servans.
1111 330 1165 374 (6)
1194 331 1238 364 ln
1262 332 1355 365 urbe
1382 331 1597 366 Partliienes

237 391 518 436 Hecatompylo
550 391 733 423 tumultus
770 390 935 423 militum
970 389 1013 423 fit
1041 397 1197 437 propter
1232 391 1372 425 salsum
1394 403 1600 434 rumorem,

237 451 338 487 velle
362 463 489 498 regem
522 451 748 498 propediem
784 451 827 485 in
861 452 1023 497 patriam
1061 452 1210 494 reverti,
1236 464 1351 498 quem
1375 460 1415 486 ut
1441 453 1601 494 sedaret,

236 513 341 547 iussu
366 513 650 559 praefectorum
674 511 890 546 Alexander
913 512 995 559 ipse
1027 514 1240 547 orationem
1263 513 1412 554 habuit,
1438 515 1496 559 (7)
1526 524 1602 558 qua

238 573 381 614 docuit,
407 574 456 608 ad
484 581 625 608 certam
646 581 847 617 terrarum,
875 585 966 620 quas
985 575 1187 621 cepissent,
1209 576 1489 622 possessionem
1508 586 1603 620 opus

239 647 319 670 esse
345 636 476 681 aliquo
501 641 687 680 tempore,
713 635 773 680 (S)
805 646 932 681 neque
958 635 1049 670 dum
1077 649 1208 671 omnes
1233 644 1374 683 gentes,
1405 648 1503 682 quae
1527 637 1605 669 Da-

238 698 297 732 rio
324 697 550 744 paruissent,
583 696 630 729 ab
665 696 756 742 ipsis
796 697 970 732 subactas
1000 709 1093 741 esse,
1114 710 1224 744 quae,
1252 700 1283 732 si
1308 699 1450 732 liberae
1476 707 1604 730 mane-

239 765 337 801 rent,
364 769 454 792 mox
478 757 627 791 bellum
662 766 912 794 renovaturae
951 767 1088 802 essent,
1126 761 1186 804 (9)
1213 770 1408 806 superesse
1436 759 1605 803 denique

237 819 410 862 Bessum,
444 819 486 853 in
516 818 739 865 propinquo
771 820 924 853 sceleris
959 821 1137 866 praemiis
1175 821 1385 859 fruentem.
1426 832 1540 865 quem
1567 826 1606 852 ut

237 881 514 916 ulciscerentur
539 887 575 913 et
603 880 781 913 virtutem
806 887 842 914 et
865 879 981 916 fidem
1009 883 1215 928 postulare.

285 943 370 989 (10)
397 941 584 976 Tumultu
610 941 724 988 igitur
748 941 913 975 militum
938 943 1083 987 sedato,
1110 942 1323 977 Alexander
1347 952 1416 988 per
1438 940 1607 975 Parthie-

240 1015 320 1039 nen
366 1004 405 1038 in
434 1003 667 1049 Hyrcaniam
705 1010 844 1037 movet.
918 1005 1062 1038 Natura
1091 1005 1216 1047 vallis,
1251 1015 1327 1050 qua
1363 1015 1446 1037 eam
1470 1011 1608 1037 terram

242 1065 397 1107 adeunt,
425 1072 462 1099 et
489 1065 611 1098 amnis
641 1065 811 1098 Ziobetis
837 1065 1077 1100 describitur.
1128 1067 1210 1112 (11)
1235 1066 1292 1099 lbi
1319 1066 1467 1099 litterae
1496 1077 1518 1099 a
1535 1066 1608 1098 Na-

241 1127 408 1162 barzane
441 1127 578 1160 allatae
615 1133 727 1169 sunt,
763 1126 902 1172 quibus
938 1137 978 1160 se
1005 1128 1214 1170 excusavit,
1251 1127 1354 1173 quod
1381 1127 1606 1160 necessitate

243 1196 397 1223 coactus
427 1195 560 1221 contra
583 1187 747 1221 Darium
773 1188 1042 1230 conium-averit,
1076 1201 1192 1234 seque
1219 1188 1408 1223 deditioni
1435 1195 1609 1234 paratum

245 1249 428 1291 ostendit,
463 1250 492 1284 si
518 1247 634 1282 fidem
663 1249 698 1282 ei
727 1259 792 1282 rex
816 1247 974 1281 dederit.
1026 1249 1070 1282 Et
1096 1261 1178 1282 eam
1214 1250 1368 1295 quidem
1396 1249 1501 1283 dedit
1527 1250 1608 1282 Ale-

242 1311 400 1348 xander.
460 1311 543 1356 (12)
570 1310 775 1355 Hyrcania,
809 1320 924 1355 quam
959 1316 1039 1342 tum
1066 1317 1202 1343 terram
1232 1311 1399 1357 intravit,
1429 1311 1609 1344 describi-

240 1382 313 1416 tur,
339 1373 588 1420 pinguissima
624 1372 734 1405 vallis
769 1371 818 1405 ad
845 1381 949 1404 mare
975 1370 1158 1417 Caspium
1184 1371 1357 1406 demissa.
1408 1373 1490 1416 (13)
1516 1373 1611 1405 Pro-

242 1436 398 1472 cedenti
434 1432 756 1480 Phrataphernes,
789 1431 1089 1477 Parthyaeorum
1123 1441 1284 1479 satrapa,
1320 1445 1400 1466 sese
1428 1433 1544 1473 dedit,
1576 1439 1613 1466 et

240 1496 462 1537 Phradates,
490 1495 706 1542 praefectus
741 1495 1000 1540 Tapurorum,
1038 1494 1120 1539 (14)
1146 1507 1262 1540 porro
1290 1495 1495 1529 Artabazus
1525 1507 1613 1529 cum

243 1558 400 1593 Graecis
435 1557 620 1590 militibus
657 1556 706 1590 ad
739 1555 920 1589 ultimum
954 1556 1074 1590 Dario
1111 1554 1303 1591 fidelibus.
1352 1556 1397 1589 L't
1439 1556 1505 1589 ille
1531 1557 1613 1602 qui-

245 1620 335 1655 dem
371 1618 532 1652 comiter
557 1617 604 1651 ab
639 1617 856 1652 Alexandro
893 1618 1101 1663 excipitur5
1129 1618 1212 1662 (15)
1250 1616 1315 1652 sed
1343 1617 1480 1651 Graeci
1508 1618 1615 1651 mille

245 1689 283 1716 et
310 1680 508 1726 quingenti
535 1686 760 1713 cunctanter
798 1690 837 1712 se
875 1680 971 1726 regis
998 1679 1086 1712 fidei
1116 1679 1356 1724 permittunt,
1384 1690 1455 1712 nec
1483 1686 1612 1712 tamen

243 1749 394 1790 praeter
429 1739 829 1775 Lacedaemoniorum
862 1741 1006 1786 legatos
1042 1740 1249 1785 quicquam
1281 1741 1428 1785 gravius
1460 1739 1611 1785 patiun-

244 1810 316 1837 tur.
365 1801 443 1846 (16)
480 1801 583 1835 Tum
619 1809 773 1847 gentem
804 1801 926 1835 feram
969 1801 1193 1835 Mardorum
1229 1807 1386 1846 propter
1421 1801 1612 1845 singulare

244 1863 471 1898 munitionis
505 1874 623 1907 genus
657 1874 796 1909 magna
830 1875 918 1897 cum
956 1863 1131 1896 molestia
1163 1873 1366 1908 aggressus,
1402 1863 1484 1906 (17)
1513 1863 1615 1908 capti
1661 1854 1663 1858 ¹

246 1927 362 1960 etiam
387 1924 633 1970 Bucephalae
660 1925 794 1958 dolore
827 1925 988 1971 graviter
1017 1931 1291 1965 commovetur,
1318 1934 1458 1968 equum
1486 1931 1616 1958 tamen

244 1987 398 2023 barbari
426 1985 604 2024 reddunt,
640 1993 677 2019 et
710 1993 829 2019 semet
853 1985 954 2031 ipsos
978 1986 1190 2031 pertinacia
1213 1985 1309 2031 regis
1334 1985 1424 2018 victi
1453 1985 1613 2020 dedunt.

245 2049 488 2084 Adiiciuntur
510 2046 772 2093 praefecturae
799 2046 1009 2081 Pliradatis.
1061 2048 1144 2092 (18)
1172 2047 1345 2081 Tandem
1373 2047 1613 2081 Nabarzanes

247 2111 313 2145 diu
339 2116 558 2155 expectatus
583 2108 625 2141 in
651 2109 754 2154 regia
777 2108 871 2142 urbe
897 2109 1114 2153 Hyrcaniae
1146 2107 1416 2153 (Zadracarca
1439 2108 1617 2154 appella-

247 2171 386 2216 batur)
414 2181 495 2204 sese
519 2169 725 2203 Alexandri
750 2167 842 2203 fidei
865 2170 1061 2216 permittit.
1119 2170 1201 2213 (19)
1226 2169 1283 2202 Ibi
1305 2169 1531 2213 Thalestris,
1558 2181 1614 2203 re-

245 2234 336 2280 gina
363 2234 612 2272 Amazonum,
648 2231 697 2265 ad
730 2242 858 2277 regem
889 2232 1038 2265 venisse
1060 2232 1191 2275 fertur,
1221 2231 1326 2276 cuius
1350 2231 1524 2265 libidinis
1553 2242 1614 2265 ex-

246 2294 414 2342 plendae
442 2305 557 2327 causa
581 2292 798 2338 complures
826 2293 906 2327 dies
933 2294 1112 2328 substitit.
1314 2280 1316 2284 ‚

295 2357 377 2401 (20)
401 2354 494 2388 Inde
518 2355 560 2387 in
587 2354 820 2387 Parthienen
846 2365 1014 2389 reversus
1038 2354 1254 2401 superbiam
1281 2361 1318 2388 et
1341 2353 1531 2387 luxuriem
1558 2363 1617 2386 re-

248 2430 338 2465 gum
366 2415 604 2450 Persicorum
643 2415 828 2449 aemulari
862 2416 1012 2462 coepit;
1043 2417 1125 2461 (21)
1160 2427 1324 2461 cumque
1359 2416 1497 2448 milites
1533 2426 1616 2448 eam

248 2492 330 2514 rem
354 2478 516 2524 graviter
541 2476 642 2510 ferre
669 2477 930 2517 intellexisset,
955 2478 1272 2524 praevertendum
1300 2483 1418 2518 ratus,
1446 2477 1618 2535 Bessum,

247 2542 327 2577 iam
362 2539 573 2574 Artaxerxis
609 2539 768 2572 nomine
802 2550 928 2585 regem
965 2540 1188 2582 salutatum,
1216 2539 1321 2572 bello
1343 2538 1519 2584 persequi
1547 2544 1618 2570 sta-

248 2604 331 2648 tuit,
360 2610 396 2636 et
429 2600 594 2635 sarcinas
633 2600 746 2633 totius
781 2601 966 2635 exercitus
1004 2607 1152 2646 praeter
1187 2600 1352 2634 maxime
1391 2599 1620 2633 necessarias
