1703 2961
247 104 366 135 xxtv
698 85 1170 135 PRAEFATIO.

243 226 376 267 xum,
408 210 489 268 IV,
526 213 587 255 20
623 221 673 256 et
704 209 766 266 X,
801 213 863 256 28
898 220 1104 256 nostrae
1140 209 1391 268 editionis,
1426 210 1611 272 quibus

248 288 428 321 auctor
460 290 602 321 suam
636 287 852 320 aetatem
894 274 1205 337 significasse
1244 276 1486 322 videatur.
1555 278 1615 323 In

244 341 327 389 his
361 340 605 401 equidem
632 340 761 386 nihil
798 343 1014 398 invenio,
1049 341 1190 402 quod
1221 342 1425 388 non'ad
1461 344 1614 388 Octa-

248 409 454 452 vianum
486 408 770 467 Augustum
791 405 974 453 referriv
990 409 1167 468 possit,
1194 407 1460 464 nonnulla,
1483 423 1613 468 quae

250 471 314 517 ad
347 472 492 517 illum
525 471 692 517 solum
723 474 1028 532 pertineant.
1100 474 1354 533 Imprimis
1390 487 1472 517 me
1507 489 1614 518 mo-

247 549 331 583 vet
366 538 451 583 illa
488 535 790 598 significatio
826 537 1038 584 invidiae
1062 539 1115 583 in
1137 539 1295 584 altero
1321 538 1455 595 loco,
1477 535 1617 595 (nam

247 605 423 664 priore
454 603 581 648 nihil
626 618 938 665 magnopere
979 603 1042 653 ad
1088 619 1292 649 causam
1339 602 1618 649 diiudican-

251 668 367 713 dam
402 667 692 729 proiicias,)
745 684 877 729 quae
913 672 965 715 in
998 671 1299 730 principatu
1331 684 1509 714 recens
1544 671 1617 714 in-

249 736 450 790 stituto,
484 736 790 793 compressis
830 734 1073 780 libertatis
1112 733 1497 796 recuperandae
1534 749 1619 779 co-

247 798 472 854 natibus,
511 799 684 844 locum
717 798 885 857 habet,
921 816 1028 845 non
1060 799 1215 844 habet
1248 803 1298 846 in
1334 802 1614 845 inveterata

246 863 572 925 principibus
609 864 819 924 parendi
854 865 1237 911 consuetudine.
1305 866 1368 910 Et
1388 864 1618 910 modera-

249 932 440 975 tionem
485 930 741 990 quandam
785 931 947 977 laudis
992 933 1219 977 invenies
1255 931 1308 975 in
1326 929 1404 975 his
1423 928 1616 976 verbis:

251 996 462 1041 Proinde
496 997 599 1040 iure
631 996 890 1057 meritoque
919 998 1127 1057 populus
1164 1000 1301 1041 Rom.
1333 997 1538 1041 salutem
1570 1011 1620 1041 se

245 1061 456 1123 principi
488 1076 573 1106 suo
603 1060 768 1105 debere
795 1059 1068 1126 proficetur,
1104 1061 1167 1106 ab
1202 1063 1407 1123 ingenio
1441 1073 1615 1122 poste-

247 1127 393 1170 rioris
425 1127 600 1171 aetatis
639 1126 883 1185 alienam,
919 1143 977 1172 ac
1012 1143 1077 1172 ne
1114 1139 1221 1172 tum
1255 1126 1461 1186 quidem
1498 1128 1615 1171 satis

246 1192 509 1248 idoneam,
550 1193 603 1237 ni
649 1203 699 1236 et
744 1193 856 1252 ipsa
889 1192 1123 1254 principis
1166 1192 1449 1252 appellatio
1486 1206 1619 1236 nova

245 1255 452 1314 fuisset,
491 1268 540 1302 et
589 1258 898 1303 Octavianus
941 1273 1000 1303 ea
1033 1259 1251 1303 maxime
1290 1273 1343 1303 re
1375 1258 1617 1318 gloriatus

247 1334 402 1379 esset,
449 1321 589 1383 quod
637 1335 824 1383 pacato
881 1323 1005 1368 orbe
1058 1335 1305 1369 terrarum
1357 1322 1618 1385 populum

242 1389 394 1432 Rom.
445 1400 825 1446 conservasset,
881 1391 1030 1450 eique
1086 1390 1301 1434 salutem
1351 1389 1615 1433 attulisset.

245 1454 371 1498 Esse
418 1466 590 1498 autem
634 1454 906 1514 gloriatum
950 1456 1146 1499 nummi
1193 1466 1463 1509 testantur,
1509 1454 1618 1513 qui-

246 1518 340 1563 bus
386 1520 692 1579 inscriptum
734 1531 830 1564 est:
879 1520 1020 1564 Solus
1062 1521 1251 1583 generis
1294 1516 1520 1574 humani,
1569 1529 1619 1562 et

249 1586 296 1628 S.
350 1585 404 1628 P.
466 1584 520 1651 Q.
568 1586 626 1629 R.
686 1584 888 1629 parenti
938 1585 1274 1629 Conservatori
1311 1599 1409 1630 suo.
1489 1582 1616 1628 Vide

244 1648 460 1696 Eckhel.
505 1647 666 1693 doctr.
703 1664 842 1695 num.
889 1661 1004 1696 vett.
1040 1649 1190 1695 Tom.
1225 1649 1305 1696 VI.
1340 1665 1393 1709 p.
1446 1651 1532 1694 108
1570 1659 1620 1692 et

253 1719 358 1761 113.
428 1715 490 1759 Et
525 1715 783 1775 aptissime
821 1729 939 1759 sane.
977 1715 1208 1770 Hirtium,
1245 1729 1375 1774 quae
1413 1715 1519 1759 eius
1544 1725 1619 1759 est

247 1778 516 1825 recondita
568 1778 827 1835 doctrina,
879 1779 1206 1824 admonuisse
1263 1792 1418 1840 puto,
1472 1779 1618 1823 noctis

250 1846 742 1891 commemoratione
795 1846 1026 1890 Curtium
1078 1844 1235 1890 videri
1277 1844 1338 1889 ad
1385 1843 1615 1889 obfusca-

249 1924 357 1955 tum
393 1910 513 1955 solis
550 1913 768 1955 nitorem
805 1923 853 1955 et
890 1911 1157 1971 caliginem
1190 1909 1506 1965 nebulosam,
1542 1921 1614 1953 to-

245 1989 296 2020 to
340 1976 429 2020 illo
476 1992 640 2032 anno,
685 1991 787 2035 quo
827 1978 1012 2021 Caesar
1063 1987 1138 2019 est
1184 1978 1408 2032 occisus,
1454 1987 1615 2020 terrae

244 2040 598 2096 incubantem,
647 2042 897 2097 allusisse,
934 2040 986 2086 id
1015 2039 1155 2101 quod
1184 2056 1250 2086 ne
1286 2046 1473 2101 poetae
1510 2041 1614 2100 qui-

245 2106 361 2151 dem
408 2108 696 2163 omiserint,
749 2107 983 2168 Virgilius
1039 2106 1224 2167 Georg.
1275 2107 1308 2152 1.
1351 2105 1445 2151 466
1489 2121 1613 2165 sqq„

246 2171 483 2217 Tibullus
524 2172 687 2234 fleg„
726 2172 784 2229 ΙΙ,
819 2174 862 2229 5,
897 2171 981 2228 75,
1016 2171 1222 2217 Ovidius
1266 2170 1614 2231 Metamorph.

247 2238 353 2293 XV,
393 2236 511 2293 7853
546 2252 855 2298 quamquam
884 2238 1076 2282 nollem
1110 2236 1318 2281 doctum
1351 2236 1617 2281 hominem

248 2304 398 2348 :nimis
445 2305 688 2347 tenaciter
735 2303 808 2348 illi
861 2304 931 2347 rei
970 2302 1270 2358 inhaesisse,
1320 2314 1375 2346 ut
1420 2301 1616 2363 singula

249 2383 483 2429 quaeque
521 2367 581 2412 ad
614 2384 723 2412 eam
757 2369 1005 2412 rationem
1052 2369 1286 2428 exigeret.
1356 2367 1527 2412 Unum
1560 2366 1617 2411 il-

248 2433 338 2478 lud
372 2436 535 2478 minus
572 2435 622 2477 in
661 2435 941 2494 Augustum
979 2435 1233 2489 convenit,
1270 2431 1408 2493 quod
1439 2443 1613 2476 auctor

249 2508 604 2560 tempestatem
639 2501 1016 2544 renascentium
1065 2497 1317 2543 bellorum
1360 2498 1609 2558 principis

247 2576 362 2610 ortu
396 2562 552 2609 subito
588 2565 942 2626 conquievisse
978 2563 1148 2622 tradit,
1195 2561 1609 2624 quandoquidem

1473 2627 1608 2674 ferax
