1703 2961
445 154 526 197 DE
556 152 770 198 GESTIS
798 152 966 197 ALEx.
997 153 1071 200 lx,
1101 151 1143 196 7.
1396 145 1477 188 309

71 290 78 310 ε
116 271 185 313 vix
211 269 368 310 diurno
398 271 580 326 quaestu
595 267 953 323 xpropulsantem
983 265 1163 310 famem,
1187 267 1371 318 propter
1398 258 1474 299 ha-

68 359 83 383 7
115 343 257 384 bitum
284 340 404 381 haud
442 340 702 381 indecor-um
760 339 882 380 cordi
908 337 1052 379 ‘fuisse
1090 335 1276 391 reginae.
1323 331 1393 372 Ab
1420 343 1469 370 ea

113 414 157 455 in
182 414 436 470 propiorem
467 411 577 459 eiua
601 411 674 468 qui
705 417 800 451 tum
829 416 1059 466 regnasset,
1081 404 1295 448 amicitiae
1317 403 1467 444 locum

112 487 357 535 admotum,
395 482 626 526 interfecto
657 498 708 524 eo
749 497 829 539 per
858 477 1044 530 insidias,
1071 479 1149 519 sub
1182 475 1323 532 specie
1354 482 1467 515 tute-

109 558 175 598 lae
204 557 390 598 liberum
427 555 515 596 eius
543 555 751 596 ,invasisse
771 568 997 609 ¹regnum,
1034 549 1286 605 necatisque
1318 545 1465 602 pueris

108 628 239 678 hunc,
279 627 352 684 qui
389 642 507 669 nunc
541 634 707 683 regnat,
745 641 984 683 generasse,
1020 622 1205 664 invisum
1244 619 1462 673 vilemque

30 715 33 718 ·
66 730 69 732 -
107 699 401 756 popularibus,
431 698 566 754 magis
593 706 800 754 paternae
829 699 1045 746 fortunae,
1078 707 1209 752 quam
1235 705 1351 740 suae,
1369 703 1459 729 me-

60 788 74 812 ό
107 786 291 813 morem.
348 769 596 811 Aslirmatio
627 771 728 812 Pori
759 770 1046 824 multiplicem
1077 768 1225 808 animo
1256 762 1367 819 regis
1395 761 1459 801 in-

106 843 269 889 iecerat
305 856 469 884 curam.
531 842 717 883 Hostem
757 838 1289 898 beluasquespernebat,
1325 834 1455 876 situm

57 930 76 958 9
107 915 382 956 locorum-et
419 912 506 952 vim
539 912 773 956 fluminum
814 912 1144 960 extimescebat;
1173 909 1385 964 relegatos
1412 905 1457 946 in

106 986 308 1026 ultimum
338 1000 476 1041 paene
503 999 652 1027 rerum
668 986 964 1028 humanarum
994 981 1195 1040 persequi
1218 977 1458 1020 terminum

105 1064 150 1098 et
182 1072 333 1098 eruere
370 1056 558 1097 arduum
595 1058 837 1099 videbatur.
898 1058 1064 1098 Rursus
1092 1051 1268 1094 avaritia
1296 1048 1457 1105 gloriae

106 1135 149 1168 et
171 1127 421 1169 insatiabilis
455 1129 616 1184 cupido
651 1129 795 1171 famae
828 1128 935 1170 nihil
972 1126 1151 1175 invium,
1180 1116 1287 1164 nihil
1316 1135 1460 1162 remo-

47 1215 90 1239 ιο
107 1207 199 1240 tum
228 1199 366 1240 videri
397 1199 578 1240 sinebat.
649 1201 709 1242 Et
747 1200 971 1242 interdum
1011 1197 1254 1245 dubitabat,
1285 1209 1341 1234 an
1365 1192 1459 1234 Ma-

105 1271 307 1318 cedones,
330 1277 398 1311 tot
427 1271 590 1312 emensi
620 1271 757 1328 spatia
784 1278 1017 1318 terrarum,
1047 1269 1092 1310 in
1122 1267 1214 1310 acie
1246 1273 1289 1307 et
1318 1265 1363 1304 in
1391 1277 1460 1304 ca-

103 1341 200 1383 stris
229 1356 350 1382 senes
376 1340 495 1392 facti,
527 1358 607 1397 per
636 1343 807 1385 obiecta
848 1342 1045 1389 flumina,
1075 1355 1154 1398 per
1181 1344 1250 1380 tot
1273 1343 1457 1380 naturae

104 1414 327 1455 obstantes
385 1412 660 1456 difficultates
715 1414 906 1456 secuturi
965 1419 1125 1455 essent:
1184 1408 1459 1451 abundantes

103 1492 372 1541 onustosque
401 1486 564 1541 praeda
583 1486 721 1543 magis
749 1494 874 1543 parta
902 1485 989 1527 frui
1011 1485 1146 1532 velle„
1162 1497 1296 1539 quam
1315 1477 1459 1535 aequi-

50 1557 236 1598 urenda
264 1555 446 1612 fatigari.
497 1558 600 1599 Non
625 1558 742 1612 idem
771 1558 851 1599 sibi
885 1564 930 1598 et
956 1557 1163 1607 militibus
1183 1552 1316 1594 animi
1347 1565 1460 1592 esse:

103 1645 146 1670 se
175 1628 309 1669 totius
336 1628 452 1669 orbis
484 1629 718 1685 imperium
738 1637 887 1671 mente
917 1628 1209 1684 complexum,
1242 1624 1386 1666 adhuc
1412 1621 1458 1663 in

104 1715 289 1756 operum
317 1715 499 1741 suorum
530 1701 776 1757 primordio
808 1709 941 1742 stare:
980 1700 1181 1753 militem,
1205 1697 1356 1738 labore
1389 1693 1460 1735 de·

100 1771 341 1828 fatigatum,
367 1772 619 1828 proximum
649 1789 868 1832 quemque
899 1773 1095 1816 fructum
1124 1770 1247 1812 finito
1277 1767 1458 1810 tandem

100 1842 298 1899 periculo
335 1852 549 1900 expetere.

48 1931 89 1954 :2
191 1913 304 1955 Vicit
332 1929 433 1972 ergo
467 1917 627 1973 cupido
662 1919 893 1968 rationem,
938 1926 982 1971 et
1009 1919 1065 1960 ad
1097 1916 1353 1960 contionem
1383 1925 1454 1952 vo-

59 1980 62 1982 *
106 1985 209 2027 catis
249 1985 472 2038 militibus,
505 1989 560 2029 ad
600 1988 719 2032 hunc
769 1990 958 2032 maxime
996 1990 1185 2031 modum
1238 1982 1457 2028 disseruit:

105 2062 207 2100 Non
236 2061 400 2112 ignoro,
432 2062 607 2112 milites,
645 2065 792 2113 multa,
835 2079 941 2119 quae
970 2074 1128 2117 terrere
1157 2077 1239 2103 vos
1268 2064 1456 2114 possent,

104 2131 157 2172 ab
188 2133 342 2172 incolis
377 2135 531 2174 Indiae
561 2152 641 2189 per
685 2139 763 2178 Izos
800 2139 894 2178 dies
934 2138 988 2176 de
1026 2137 1248 2176 industria
1276 2148 1366 2172 esse
1395 2132 1459 2170 ia-

71 2214 250 2248 actaea.-
287 2205 365 2244 sed
399 2221 484 2247 non
520 2218 586 2248 est
624 2211 868 2263 improvisa
904 2210 1031 2250 vobis
1066 2209 1361 2249 mentientium
1385 2218 1458 2244 va-

106 2279 236 2318 uitas.
299 2279 372 2317 Sic
405 2280 587 2320 Ciliciae
602 2278 771 2338 fauces,
800 2284 865 2322 sic
893 2283 1242 2336 Mesopotamiae
1271 2292 1461 2332 campos,

112 2351 276 2402 Tigrim
307 2360 353 2390 et
392 2353 662 2405 Euphraten,
693 2370 868 2410 quorum
897 2357 1079 2396 alterum
1112 2355 1228 2395 vado
1257 2352 1462 2394 transivi-

0 2433 2 2437 “
47 2441 91 2467 14
109 2422 423 2468 mus,>alterum
452 2436 597 2477 ponte,
628 2428 863 2468 terribilem
877 2425 1085 2484 fecerant
1112 2430 1287 2468 Persae.
1341 2427 1461 2465 IVun-

106 2510 231 2549 qnam
263 2496 321 2534 ad
359 2496 564 2551 liquidum
591 2497 724 2557 santa
753 2502 1025 2555 perducitur:
1065 2503 1220 2549 omnia,
1262 2500 1341 2538 illa
1371 2510 1463 2538 cra-

11 2571 32 2614 {Q
108 2570 248 2616 dente,
280 2570 445 2608 ΗίαῖΟΓίῐ
474 2582 573 2612 sunt
599 2588 717 2614 vero.
787 2576 958 2614 Nostra
995 2588 1159 2628 quoque
1185 2574 1340 2626 gloria,
1371 2585 1464 2610 cum

13 2618 24 2793 ³
108 2643 171 2681 sic
200 2655 255 2680 ex
283 2641 441 2691 solido,
470 2644 569 2696 plus
599 2655 743 2686 tamen
761 2646 889 2688 habet
919 2647 1119 2694 nominis,
1149 2660 1278 2700 quam
1307 2645 1464 2699 operis·

15 2792 35 2830 2.

13 2837 38 2961 l}
