1703 2961
430 154 512 195 DE
544 153 751 195 GESTIS
775 154 940 195 ALEX.
971 155 1023 205 V,
1051 157 1115 196 ΊΟ.
1385 152 1465 193 121

121 282 219 309 curn
259 265 384 307 hoste
422 266 574 315 solurn,
616 265 691 306 sed
730 266 862 306 etiam
901 282 1002 307 eum
1033 266 1132 307 loco
1165 263 1466 307 dimicandum

69 355 89 385 9
122 346 241 387 esst-t,
280 338 485 379 subibant
520 345 679 385 tamen,
721 337 818 393 quia
860 353 932 378 rex
975 338 1088 378 inter
1116 338 1282 394 primos
1312 335 1470 378 consti-

122 417 244 457 terat,
290 410 560 466 interrogans
601 417 666 449 tot
706 408 883 449 urbium
921 410 1127 456 victores,
1163 425 1216 449 an
1247 408 1471 449 erubesce-

118 489 216 522 rent
250 481 430 522 liaerere
471 481 514 521 in
553 480 778 522 obsidione
821 481 979 522 castelli
1022 481 1158 537 exigui
1189 487 1232 521 et
1263 479 1472 536 ignobilis,

116 553 242 594 simul
270 554 512 594 admonens
537 554 557 575 ⁹⁶
588 555 608 575 '⁶

115 625 235 666 Inter
265 625 374 667 haec
405 625 574 666 eminus
604 623 851 679 petebatur;
896 639 1027 680 quem
1057 623 1272 665 testudine
1299 623 1478 671 obiecta>

116 695 286 744 milites,
325 697 398 739 ubi
445 704 494 739 ut
539 695 779 739 discederet
807 695 1349 755 perpellerenequierant,
1379 703 1472 738 tue-

115 766 290 809 bantur.
313 773 326 794 ¹

16 872 17 875 ,
56 855 103 880 10
199 840 401 882 Tandem
446 843 624 883 Tauron
664 855 793 896 super
828 855 974 882 arcem
1026 839 1145 881 urbis
1180 855 1224 881 se
1260 855 1362 883 cum
1389 839 1537 892 su011·

117 911 289 971 agmine
316 914 524 955 ostendit:
557 913 610 954 ad
643 912 762 953 cuius
792 920 1080 969 conspectum
1101 899 1145 952 et
1172 911 1367 953 hostium
1386 911 1475 953 ani-

115 983 212 1024 mi²
246 984 407 1036 labare,
447 993 489 1026 et
523 984 793 1026 Macedones
823 984 963 1025 acrius
993 982 1212 1040 proelium
1238 983 1346 1025 inire
1377 999 1475 1026 coe-

55 1063 290 1112 uperunt.
355 1057 528 1114 Anceps
565 1056 812 1112 oppidanos
846 1056 1012 1096 malum
1051 1054 1244 1110 urgebat,
1272 1070 1354 1096 nec
1385 1054 1473 1097 sisti

114 1128 175 1168 vis
207 1127 402 1168 hostium
432 1133 618 1183 poterat.
676 1127 829 1168 Paucis
862 1126 916 1168 ad
949 1125 1244 1177 moriendum,
1275 1127 1488 1183 pluribus*

115 1199 169 1241 ad
198 1198 347 1256 sugam
389 1199 560 1240 animus
595 1197 690 1249 fuit,
731 1214 888 1255 magna
915 1213 1015 1254 pars
1043 1197 1087 1238 in
1118 1213 1266 1240 arcem
1298 1215 1476 1242 concesff

113 1271 178 1312 sit.
238 1270 344 1312 Inde
373 1283 454 1311 xxx
482 1270 732 1312 oratoribus
763 1270 902 1311 missis
934 1270 988 1311 ad
1020 1269 1368 1326 deprecandum,
1399 1273 1475 1314 tri-

115 1351 179 1384 ste
218 1357 478 1399 responsum
522 1357 544 1382 a
587 1356 686 1397 rege
723 1342 936 1392 redditur,
976 1357 1068 1382 non
1107 1356 1196 1384 esse
1232 1345 1382 1386 veniae
1414 1346 1478 1387 lo-

56 1431 101 1454 12
117 1431 233 1457 cum.
267 1416 419 1471 ltaque
451 1413 766 1469 suppliciorum
810 1407 1016 1471 quoque³
1049 1421 1172 1456 metu
1201 1417 1386 1472 perculsi
1420 1418 1475 1460 ad

116 1486 419 1544 Sisygambim,
451 1484 584 1525 Darei
611 1493 814 1536 matrem,
846 1486 1021 1527 occulto
1053 1486 1207 1527 itinere
1237 1487 1478 1546 ignotoque

116 1557 315 1600 hostibus
350 1557 532 1599 mittunt
574 1556 645 1612 qui
684 1565 895 1613 peterent,
937 1566 986 1598 ut
1016 1559 1104 1612 ipsa
1135 1573 1282 1615 regem
1310 1561 1478 1617 mitiga-

115 1637 197 1678 ret,
244 1628 363 1670 haud
411 1628 570 1685 ignari,
608 1630 800 1684 parentis
849 1644 946 1670 eam
982 1628 1082 1671 loco
1130 1630 1247 1687 diligi
1289 1632 1475 1690 colique.

115 1700 176 1742 Et
211 1700 414 1742 Madates
464 1699 625 1741 sororis
664 1700 790 1741 eius4
823 1699 956 1741 filiam
997 1715 1147 1742 secum
1187 1704 1475 1747 matrimonio

115 1772 324 1821 iunxerat,
368 1772 565 1813 Dareum
611 1772 862 1828 propinqua
904 1773 1165 1828 cognatione
1207 1777 1478 1833 contingens.

57 1844 206 1892 13Diu
244 1844 508 1901 Sisygambis
546 1844 792 1900 supplicum
842 1844 1046 1900 precibus
1085 1847 1365 1904 repugnavit,
1405 1848 1479 1889 ab-

117 1930 268 1965 nuens,
307 1915 665 1971 deprecationem
701 1931 783 1972 pro
813 1915 891 1957 illis
919 1918 1043 1956 non⁵
1078 1919 1313 1961 convenire
1341 1919 1482 1961 fortu-

118 2002 216 2036 nae,
247 1987 292 2028 in
324 2002 408 2044 qua
441 1995 569 2029 esset:
603 1988 859 2046 adiecitque,
895 1995 1094 2029 metuere
1123 2005 1225 2041 sese,
1259 2007 1315 2033 ne
1343 1992 1481 2034 victo-

120 2059 178 2101 ris
211 2058 526 2114 indulgentiam
565 2058 785 2115 fatigaret,
817 2060 1110 2117 saepiusque⁶
1152 2063 1372 2118 cogitare,
1412 2081 1479 2106 ca-

63 2130 286 2186 14ptivarn
329 2145 419 2171 esse
453 2146 509 2180 se,
549 2146 682 2188 quam
720 2131 916 2187 reginam
957 2132 1101 2175 fuisse.
1166 2134 1236 2175 Ad
1274 2135 1480 2179 ultimum

118 2201 231 2243 victa
260 2195 411 2242 litteris
453 2202 749 2243 Alexandrum
782 2203 840 2244 ita
875 2204 1107 2260 deprecata
1138 2214 1218 2247 est:
1259 2215 1309 2249 ut
1338 2209 1479 2266 ipsam

120 2280 356 2321 excusaret,
387 2274 506 2331 quod
539 2275 868 2331 deprecaretur:
923 2284 1072 2332 petere
1102 2293 1159 2330 se,
1188 2286 1236 2320 ut
1265 2279 1342 2322 illis
1373 2298 1480 2339 quo-

123 2389 141 2413 1
168 2388 287 2421 Totus
314 2389 373 2422 hic
408 2389 512 2423 locus
547 2390 656 2437 vulgo
693 2392 747 2424 sic
783 2391 953 2438 legitur.-
992 2393 1116 2427 Simul
1141 2394 1236 2428 iam
1259 2396 1358 2430 inter
1382 2398 1481 2432 haec

211 2442 357 2476 eminus
383 2444 602 2488 petebatur:
639 2457 726 2478 oum
750 2446 942 2480 testudine
972 2447 1123 2482 obieeta
1148 2450 1305 2493 milites,
1332 2453 1414 2498 qui
1440 2460 1481 2486 ut

212 2495 297 2529 ind
312 2507 331 2528 e
359 2496 570 2531 discederet
593 2500 809 2545 perpellere
828 2501 1092 2546 nequiverant,
1116 2504 1333 2538 tuebantur.
1396 2507 1483 2540 Nos

213 2551 252 2581 in
276 2553 415 2583 ceteris
449 2551 594 2586 codices
621 2566 703 2587 mss.
738 2558 861 2588 secuti
888 2555 970 2589 ubi
1006 2556 1055 2590 de
1080 2560 1180 2592 coni.
1216 2558 1451 2594 addidimus.

209 2601 231 2628 2
258 2602 377 2636 animi
402 2603 582 2639 hostium.
688 2607 707 2637 3
734 2608 855 2642 abest.
969 2610 991 2642 4
1016 2610 1137 2645 abest.
1231 2613 1251 2641 5
1279 2615 1481 2649 omittitur

212 2654 337 2701 vulga,
356 2656 424 2692 sed
446 2658 593 2705 legitur
617 2664 657 2696 in
683 2662 794 2698 libris
818 2675 900 2698 mss.
931 2664 1118 2701 omnibus.
1270 2665 1291 2691 ⁶
1313 2668 1476 2715 saepius,
