1703 2961
1698 0 1703 44 l

1698 76 1703 111 ⁸

291 152 373 198 164
752 149 810 205 Q.
842 147 1051 193 cunm
1079 147 1220 193 Rurl
1698 118 1703 201 ἔ

279 265 579 329 festinabitis‚
611 274 713 306 tune
740 277 863 304 arma
891 263 1089 316 capietis.
1153 262 1329 326 Quanto
1357 270 1502 303 autem
1531 205 1703 327 prae-'14¹

294 351 402 390 stat,
435 340 636 381 territum
662 336 803 376 adhuc
831 345 877 377 et
903 338 986 375 vix
1016 336 1171 375 mentis
1196 348 1299 374 suae
1327 345 1564 389 compotem
1581 350 1655 388 op·
1698 334 1703 344 “

295 415 505 470 primere?
540 408 783 476 Quatridui
808 408 932 451 nobis
949 410 1034 448 iter
1061 414 1265 461 superest,
1292 409 1368 461 qui
1394 416 1464 450 tot
1490 406 1658 461 procul-

1700 353 1703 371 1

1700 375 1703 394 l

298 489 495 528 cavimus
529 486 662 529 nives,
703 489 776 522 tot·
807 496 951 522 amnes
992 478 1304 534 superavimus,
1339 488 1411 521 tot
1450 481 1658 520 montium
1699 475 1703 491 ¹

299 562 403 614 iuga
420 553 841 599 transcucurrimus.¹
870 556 976 596 ‚Non
987 568 1101 593 mare
1116 555 1238 601 illud,
1259 553 1375 607 quod
1400 561 1660 592 exaestuans
1699 494 1703 587 l

299 635 386 673 iter
399 629 614 689 fluctibus
637 637 833 682 occupat,
862 637 1009 668 euntes
1028 639 1106 667 nos
1132 636 1341 674 moratur,
1370 640 1453 666 non
1480 625 1663 665 Ciliciae
1683 617 1703 657 ,ἶ

285 701 445 762 fauces
475 712 519 743 et
543 703 775 755 angustiae
810 701 1057 741 includunt:
1095 700 1227 753 plana
1266 700 1410 741 omnia
1449 707 1494 738 et
1523 710 1662 751 prona
1698 678 1703 766 Ι

300 787 414 819 sunt.
445 779 524 816 *In
564 776 661 828 ipso
699 775 846 814 limine
878 774 1095 813 victoriae
1131 782 1308 813 stamus.
1365 771 1509 811 Pauci
1541 769 1665 810 nobis
1678 768 1703 825 11

288 847 493 907 fugitivi
523 858 567 889 et
595 848 764 890 domini
797 846 868 886 sui
903 841 1204 901 interfectores
1234 855 1474 898 supersunt.
1530 844 1690 895 Egre-=

302 926 423 977 gium
461 921 694 961 mehercule
733 935 852 974 opus,
893 928 938 959 et
975 920 1090 959 inter
1116 919 1261 972 prima
1296 917 1462 970 gloriae
1491 925 1666 955 vestrae

301 996 620 1041 numerandum,
646 993 905 1048 posteritati
919 987 1155 1050 famaeque
1179 991 1383 1038 tradetis,
1411 990 1558 1029 Darei
1570 1003 1669 1042 quo-

304 1085 385 1125 que
414 1068 566 1115 hostis,
589 1065 730 1124 finito
762 1074 868 1119 post
895 1074 1073 1105 mortem
1095 1064 1247 1104 illius²
1277 1064 1394 1109 odio,
1421 1062 1668 1116 parricidas
1698 1054 1703 1143 ξ

305 1158 396 1182 esse
423 1156 506 1182 vos
533 1141 664 1188 altos,
689 1140 898 1178 neminem
934 1139 1116 1191 impium
1147 1135 1352 1194 effugisse
1379 1145 1552 1175 vestras
1583 1149 1666 1174 ma-
1698 1123 1703 1175 i

306 1229 398 1255 nus.
416 1213 433 1239 ³
483 1211 582 1252 Hoc
617 1220 886 1265 perpetrato,
925 1220 1088 1265 quanto
1125 1211 1308 1249 creditis
1351 1209 1510 1248 Persas
1551 1182 1703 1279 obse-1}

306 1288 552 1342 quentiores
576 1280 690 1342 fore,
723 1299 817 1324 cum
853 1283 1150 1324 intellexerint
1186 1297 1268 1322 vos
1297 1282 1376 1335 pia
1399 1281 1525 1321 bella
1538 1282 1669 1322 susci·
1697 1284 1703 1372 Ι

307 1375 423 1414 pere,
452 1368 497 1398 et
523 1359 656 1399 Bessi
681 1357 845 1407 sceleri,
874 1371 957 1398 non
994 1356 1160 1396 nomini
1187 1369 1279 1399 suo,
1310 1355 1472 1394 irasci?
1698 1364 1703 1392 ἰ

246 1433 299 1474 10
390 1430 575 1471 Summa
605 1427 796 1468 militum
825 1426 1072 1477 alacritate,
1102 1425 1373 1472 iubentium,
1402 1437 1691 1481 quocunque1

309 1502 450 1549 vellet,
485 1501 682 1548 duceret,
719 1499 860 1541 oratio
901 1505 1079 1553 excepta
1113 1505 1198 1539 est..
1247 1497 1342 1540 Nec
1374 1511 1449 1538 rex
1474 1504 1673 1539 moratus

310 1575 547 1631 impetum:
574 1572 794 1629 tertioque
824 1585 905 1629 per
942 1570 1211 1612 Parthienen
1242 1568 1311 1611 die
1339 1569 1394 1610 ad
1424 1567 1531 1611 fines
1560 1569 1672 1626 Hyr-

311 1647 463 1690 caniae
497 1651 725 1702 penetrat,
764 1642 950 1686 Cratero
991 1643 1145 1685 relicto
1180 1656 1284 1684 cum
1314 1640 1362 1682 iis
1389 1641 1545 1697 copiis,
1580 1642 1675 1699 qui-

310 1720 392 1760 bus
422 1725 637 1774 praeerat,
688 1723 733 1758 et
768 1731 815 1756 ea
853 1730 1006 1764 manu,⁴
1040 1729 1175 1771 quam
1214 1714 1430 1766 Amyntas
1466 1712 1671 1761 ducebat,

309 1789 470 1832 additis
500 1787 710 1830 sexcentis
739 1787 958 1844 equitibus
984 1794 1028 1828 et
1056 1786 1245 1827 totidem
1266 1784 1506 1841 sagittariis,
1536 1792 1586 1826 ut
1615 1785 1671 1827 ab

311 1861 562 1904 incursione
604 1860 899 1901 barbarorum
933 1858 1201 1900 Parthienen
1233 1864 1445 1900 tueretur.
1507 1856 1674 1914 Erigyi-

311 1950 389 1976 um
426 1932 764 1990 impedimenta,
801 1931 981 1974 modico
1017 1929 1234 1988 praesidio
1275 1929 1404 1977 dato,
1439 1928 1674 1985 campestri

311 2006 468 2048 itinere
512 2005 673 2047 ducere
701 2004 837 2046 iubet.
896 2006 993 2060 Ipse
1023 2018 1127 2046 cum
1155 2002 1370 2059 phalange
1403 2009 1448 2043 et
1474 2002 1681 2059 equitatu,

312 2091 361 2119 ct.
396 2076 535 2121 stadia
576 2091 801 2125 emensus,
841 2083 982 2119 castra
1017 2075 1062 2117 in
1099 2075 1234 2123 valle,
1275 2089 1360 2132 qua
1403 2073 1698 2131 Hyrcaniam¹

312 2150 491 2196 adeunt,
521 2148 782 2194 communit.
845 2149 1013 2191 Nemus
1051 2146 1255 2204 praealtis
1291 2145 1516 2202 densisque
1546 2145 1697 2188 arbo·¹

309 2222 431 2263 ribus
464 2221 727 2262 umbrosum
764 2228 850 2271 est,
886 2221 1046 2278 pingue
1085 2219 1206 2261 vallis
1240 2217 1384 2260 solum
1431 2217 1678 2273 rigantibus,

310 2293 444 2349 aquis,
472 2308 666 2349 quaeex
691 2292 823 2348 petris
852 2291 1184 2334 imminentibus
1222 2296 1417 2331 manant.
1478 2290 1545 2332 Ex
1572 2289 1697 2355 ipsis¹

308 2364 532 2414 radicibus
569 2366 792 2408 montium
827 2364 1054 2406 Ziobetis4
1093 2362 1232 2405 amnis
1290 2361 1552 2410 effunditur,
1577 2358 1695 2419 equi*

311 2436 394 2487 tria
425 2435 516 2486 fere
546 2437 682 2478 stadia
713 2436 759 2478 in
784 2437 1103 2494 longitudinem
1125 2434 1348 2484 universus
1376 2434 1484 2486 fluit,
1515 2433 1695 2489 deinde!

310 2597 330 2622 1
352 2596 658 2631 transcurrimus.
917 2595 940 2623 2
960 2597 1054 2631 eius.
1308 2595 1329 2626 3
1357 2606 1492 2629 manus
1517 2600 1667 2629 vestras.
1691 2611 1695 2642 .'

395 2653 418 2682 4
449 2651 634 2686 Ziobetis.
