1703 2961
1695 67 1700 99 l

257 129 341 172 224
725 132 781 189 Q.
817 132 1022 177 CURTn
1052 135 1192 179 mm
1694 0 1703 194 {l

1695 198 1703 223 “l

1702 226 1703 239 l

258 259 392 301 quam
411 243 562 286 occisi:
590 244 768 287 barbari
803 254 966 294 autem,
994 247 1190 303 captivos
1218 263 1324 305 prae
1354 264 1398 292 se
1430 256 1620 306 agentem
1650 267 1671 292 2
1696 235 1703 253 ·,

260 330 408 357 rursus
454 316 500 356 in
542 325 746 358 montem
789 327 1076 363 recesserunt.
1142 326 1208 361 'XX
1244 321 1361 362 milia
1396 322 1620 364 latronum

259 393 395 429 erant.
463 386 626 430 Fundis
665 389 915 447 sagittisque
959 406 1155 448 pugnam
1202 392 1426 434 invadunt.
1495 394 1620 450 Quos
1650 410 1670 439 3

1665 459 1676 474 X

260 457 367 499 dum
396 458 567 500 obsidet
596 475 680 510 rex,
708 461 823 503 inter
852 463 1206 519 promptissimos
1226 463 1439 506 dimicans
1466 467 1619 522 sagitta

257 529 370 571 ictus
397 538 473 579 est,
513 547 624 588 quae
664 533 709 574 in
743 534 890 576 medio
921 549 1047 576 crure
1084 534 1164 576 fixa
1202 535 1438 592 reliquerat
1478 537 1618 594 spicu-
1675 560 1685 575 :

257 601 363 642 lum.
433 601 564 643 Illum
597 604 773 660 quidem
816 606 970 647 maesti
1001 604 1245 648 et'attoniti
1274 608 1543 650 Macedones
1575 609 1620 651 in
1650 627 1673 653 4

258 681 399 716 castra
436 673 705 718 referebant:
736 675 822 719 ¹sed
848 693 929 719 nec
959 678 1172 720 barbaros
1200 678 1351 720 fefellit
1376 680 1618 723 subductus

257 760 308 786 ex
334 745 474 786 acie:¹
510 746 671 803 quippe
704 761 754 788 ex
781 749 900 791 edito
932 758 1086 791 monte
1115 759 1269 792 cuneta
1291 760 1617 807 prospexerant.

254 817 406 873 Itaque
436 825 614 873 postero
648 818 715 860 die
750 820 907 863 misere
933 823 1097 879 legatos
1131 822 1185 863 ad
1216 837 1376 879 regem,
1409 839 1518 880 quos
1551 825 1618 866 ille
1652 841 1670 868 s

254 889 457 945 protinus
499 890 621 931 inssit
658 891 859 942 admitti,
896 894 1133 949 solutisque
1171 892 1313 935 fasciis
1356 895 1618 951 magnitudi-
1678 920 1686 924 ·

253 976 360 1002 nem
397 961 584 1003 vulneris
628 962 914 1016 dissimulans,
943 981 1041 1008 crus
1070 963 1266 1023 barbaris
1292 967 1498 1011 ostendit.
1553 967 1617 1015 Illi
1649 979 1674 1008 6

253 1033 353 1074 iussi
378 1034 604 1075 considere
626 1035 861 1087 affirmant,
889 1052 981 1079 non
999 1037 1313 1087 Macedones‚2
1346 1053 1479 1094 quam
1499 1039 1616 1096 ipsos

252 1105 465 1147 tristiores
503 1105 665 1147 fuisse³
712 1109 888 1164 cognito
930 1109 1106 1149 vulnere
1137 1109 1290 1164 ipsius:
1331 1110 1451 1152 cuius
1482 1110 1515 1152 si
1541 1126 1612 1152 au-

255 1184 426 1219 ctorem
453 1180 770 1235 repperissent,
802 1180 1026 1221 dedituros
1058 1179 1212 1230 fuisse,
1249 1197 1352 1223 cum
1388 1182 1466 1224 diis
1495 1183 1612 1224 enim
1645 1201 1662 1226 7

251 1264 446 1306 pugnare
486 1252 714 1308 sacrilegos
755 1259 942 1293 tantum.
1014 1251 1225 1292 Ceterum
1268 1269 1311 1294 se
1346 1251 1528 1309 gentem
1567 1254 1612 1296 in

251 1320 385 1362 fidem
423 1322 595 1373 dedere,
636 1332 863 1380 superatos
889 1324 1048 1364 virtute
1079 1323 1202 1365 illius.
1262 1325 1366 1373 Rex,
1397 1323 1481 1366 fide
1512 1325 1621 1369 data,

251 1400 296 1434 et
353 1394 530 1448 captivis
587 1397 800 1452 receptis,
866 1403 1042 1451 gentem
1098 1395 1144 1436 in
1205 1396 1480 1437 deditionem
1542 1412 1612 1440 ac-
1699 1453 1703 1467 4

251 1466 378 1522 cepit.
444 1465 607 1508 Castris
647 1468 748 1509 inde
781 1469 914 1509 motis
962 1468 1115 1510 lectica
1159 1467 1335 1509 militari
1372 1467 1607 1520 ferebatur,
1641 1487 1685 1515 ei

249 1553 383 1594 quam
420 1553 503 1594 pro
539 1555 582 1581 se
620 1541 801 1598 quisque
853 1556 983 1597 eques
1022 1540 1244 1597 pedesque
1285 1540 1429 1582 subire
1473 1549 1610 1583 certa-

246 1609 369 1651 bant.
428 1611 621 1668 Equites,
664 1629 765 1654 cum
809 1613 966 1669 quibus
1003 1627 1077 1653 rex
1111 1612 1276 1668 proelia
1321 1612 1428 1653 inire
1458 1613 1607 1655 solitus

246 1688 350 1730 erat,
391 1682 454 1722 sui
491 1685 686 1725 muneris
724 1685 765 1725 id
802 1700 890 1725 esse
935 1685 1188 1726 censebant:
1241 1684 1409 1740 pedites
1435 1693 1607 1738 contra,

246 1770 347 1795 cum
390 1756 558 1796 saucios
600 1757 924 1798 commilitones
972 1757 1052 1812 ipsi
1099 1764 1266 1812 gestare
1306 1757 1601 1809 assuevissent‚

246 1827 352 1883 eripi
397 1828 475 1868 sibi
519 1830 750 1884 proprium
792 1828 989 1869 officium
1028 1836 1124 1869 tum
1161 1828 1458 1883 potissimum,
1503 1846 1606 1872 cum

244 1913 319 1938 rex
340 1900 573 1954 gestandus
604 1908 728 1948 esset,
756 1901 1064 1958 querebantur.
1103 1901 1207 1949 Rex,
1234 1901 1278 1941 in
1298 1907 1420 1941 tanto
1450 1902 1606 1943 utrius·
1636 1922 1656 1953 9

245 1987 329 2026 que
356 1971 490 2027 partis
531 1973 784 2023 certamine,
829 1980 871 2014 et
901 1973 982 2014 sibi
1019 1972 1256 2021 difficilem,
1288 1980 1331 2013 et
1358 1975 1603 2029 praeteritis

242 2058 418 2098 gravem
447 2045 712 2087 electionem
741 2045 939 2086 futuram
969 2052 1101 2095 ratus,
1141 2044 1328 2086 invicem
1355 2045 1499 2088 sub'ire
1528 2062 1602 2088 eos

243 2115 374 2156 iussit.

178 2195 232 2236 26
327 2188 441 2230 Hinc
474 2196 630 2245 quarto
661 2188 727 2230 die
768 2189 823 2230 ad
855 2190 1011 2230 urbem
1043 2189 1309 2231 Maracanda
1338 2196 1598 2245 perventum
1615 2211 1663 2235 10

242 2267 316 2301 est.
381 2274 458 2301 Lxx
508 2261 647 2302 stadia
687 2275 838 2302 murus
877 2262 996 2302 urbis
1033 2261 1332 2317 amplectitur3
1366 2275 1440 2301 arx
1479 2262 1598 2303 alio4

242 2332 430 2388 cingitur
466 2348 609 2374 muro.
677 2336 775 2375 Ac⁵
808 2333 1024 2390 praesidio
1054 2333 1151 2374 urbi
1182 2332 1347 2383 relicto,
1376 2333 1598 2389 proximos
1618 2353 1662 2377 11

238 2403 355 2445 vicos
384 2405 678 2461 depopulatur
705 2414 836 2464 atque
866 2405 964 2446 urit.
1447 2459 1482 2502 L
1587 2462 1596 2470 .

1486 2469 1597 2518 egati
1621 2509 1625 2514 ¹

238 2546 257 2570 1
285 2545 449 2580 addicar
473 2558 550 2581 rex.
738 2548 759 2575 2
782 2550 1031 2584 Macedonas.
1207 2549 1226 2579 3
1254 2548 1371 2582 fuisse
1394 2547 1593 2583 tristiores.

325 2603 347 2632 4
371 2602 433 2635 De
469 2605 703 2639 coniectura.
735 2604 847 2640 Libri
879 2616 966 2639 mss.
1000 2611 1041 2639 et
1075 2602 1168 2638 olim
1208 2602 1306 2638 editi
1339 2602 1456 2647 illius,
1496 2614 1596 2637 nunc

328 2655 425 2700 vulg.
455 2656 578 2692 nullo.
782 2659 802 2688 5
822 2657 944 2693 abest.
