1703 2961
485 348 562 424 Q.
633 345 1015 404 CURTII
1076 348 1322 406 RUFI

867 477 949 511 DE
1084 521 1093 525 χ

725 577 1070 622 GESTIS

312 689 1022 761 ALEXANDRI
1091 689 1490 761 MAGNI

609 837 776 876 REGIS
822 836 1195 878 MACEDONUM

749 979 962 1024 LIBER
999 981 1054 1023 V.

638 1234 1147 1276 ARGUMENTUM.

225 1290 481 1379 (ODarius
517 1335 667 1381 proelio
714 1340 909 1380 superatus
957 1334 1059 1379 apud
1094 1334 1234 1367 Arbela
1273 1334 1579 1380 opulentissimas

223 1400 331 1447 regni
361 1397 578 1445 provincias
612 1397 660 1430 ad
696 1396 896 1430 meridiem
925 1396 1011 1428 sitas
1044 1395 1179 1429 victori
1200 1396 1402 1443 permittit,
1429 1397 1510 1443 ipse
1536 1398 1578 1430 in

220 1460 392 1495 Mediam
419 1458 508 1504 fuga
536 1458 747 1492 contendit.
800 1458 859 1504 (2)
873 1457 1099 1499 Alexander,
1128 1457 1274 1491 Arbelis
1299 1458 1416 1504 captis
1435 1460 1580 1493 castris-

222 1534 298 1569 que
324 1521 449 1563 motis,
481 1530 550 1565 per
587 1520 925 1564 Mesopotamiam,
954 1519 1267 1553 fecundissimam
1292 1526 1441 1562 terram,
1465 1519 1578 1567 profi-

221 1585 388 1618 ciscitur.
441 1581 500 1628 (3)
525 1580 767 1625 Babylonem
791 1581 1018 1626 procedenti
1046 1581 1222 1614 Mazaeus
1251 1587 1287 1613 et
1313 1581 1578 1627 Bagophanes,

219 1653 412 1692 praetores
446 1643 568 1684 Darii,
604 1643 825 1688 semetipsos
852 1650 888 1676 et
912 1643 1046 1675 urbem
1073 1642 1239 1675 dedunt:
1277 1642 1348 1688 ipsi
1374 1643 1577 1688 Babylonii

218 1718 344 1753 regem
371 1707 577 1739 intrantem
606 1702 806 1748 magnifice
832 1704 1041 1750 excipiunt.
1134 1700 1187 1748 (st.
1217 1704 1258 1748 5)
1286 1704 1450 1751 Magnae
1473 1705 1576 1738 urbis

218 1768 409 1801 mirabilia
437 1765 716 1806 describuntur,
744 1765 928 1811 imprimis
956 1764 1058 1798 horti
1082 1764 1262 1810 pensiles.

263 1829 318 1873 (6)
360 1828 514 1862 Diutius
563 1827 605 1860 in
659 1826 753 1859 urbe
795 1827 989 1860 luxuriosa
1033 1836 1098 1858 rex
1146 1833 1420 1866 commoratus.
1461 1838 1576 1873 quam

218 1890 444 1936 disciplinae
471 1888 626 1921 militari
667 1887 912 1929 conduceret,
936 1887 1210 1932 supplementis
1239 1888 1405 1922 militum
1429 1895 1577 1930 auctus,

217 1951 510 1996 constitutisque
542 1950 783 1996 praetoribus
818 1960 862 1982 ac
887 1948 1178 1994 magistratibus,
1207 1948 1266 1993 (7)
1295 1956 1414 1983 castra
1438 1951 1574 1993 movit,

218 2014 386 2059 dumque
416 2013 458 2046 in
492 2013 702 2057 Sati-aperie
737 2010 914 2052 substitit,
940 2009 1140 2055 complura
1164 2009 1206 2043 in
1231 2021 1271 2043 re
1296 2011 1450 2045 militari
1471 2012 1572 2045 utili-

217 2083 273 2109 ter
299 2074 509 2109 constituit.
566 2073 626 2118 (S)
664 2071 891 2105 Procedenti
928 2070 1068 2104 deinde
1098 2071 1231 2104 urbem
1261 2072 1356 2106 Susa
1379 2086 1464 2106 cum
1492 2073 1572 2107 the-

216 2137 334 2170 sauris
360 2135 531 2169 maximis
567 2134 756 2174 Abulites,
793 2133 871 2166 eius
896 2132 1118 2178 provinciae
1146 2132 1378 2178 praefectus,
1403 2135 1570 2169 tradidit.

219 2198 278 2242 (9)
309 2198 352 2230 ln
396 2208 440 2230 ea
464 2197 580 2239 urbe,
599 2207 788 2229 novorum
814 2194 1095 2239 praefectorum
1122 2195 1371 2241 potestatibus
1398 2195 1575 2239 definitis,

217 2260 329 2294 Darii
356 2265 509 2292 matrem
536 2269 578 2291 ac
603 2257 745 2290 liberos
773 2257 939 2301 reliquit.
966 2267 1114 2289 summa
1132 2256 1370 2290 humanitate
1397 2257 1573 2292 adversus

220 2333 283 2355 eas
311 2332 412 2354 usus.
463 2319 545 2364 (10)
572 2319 742 2365 Pasitigri
770 2317 901 2363 (hodie
915 2318 1075 2362 Karun)
1093 2318 1253 2351 flumine
1276 2326 1463 2363 superato,
1486 2331 1575 2352 cum

217 2389 326 2429 parte
356 2381 542 2415 exercitus
567 2380 698 2419 Uxios,
726 2379 929 2424 imperium
954 2379 1217 2421 detrectantes,
1237 2391 1446 2425 eorumque
1466 2392 1574 2426 prae-

216 2444 362 2478 sectum
390 2441 584 2476 Madatem
618 2441 846 2486 aggreditur,
883 2441 951 2474 sed
989 2439 1125 2473 urbem
1161 2440 1317 2474 illorum
1342 2441 1479 2475 frustra
1507 2454 1572 2487 op-

217 2511 375 2552 pugnat,
403 2503 485 2549 (11)
509 2501 634 2534 donec
661 2501 815 2534 occulto
841 2502 977 2535 itinere
1000 2503 1196 2546 praemissi
1219 2514 1333 2549 super
1360 2504 1485 2549 capita
1503 2503 1572 2536 ho-

218 2566 334 2601 stium
362 2565 537 2598 existunt.
589 2563 688 2596 'lum
717 2563 913 2609 oppidani,
940 2573 1025 2596 arce
1054 2562 1209 2606 inclusi,
1237 2575 1305 2609 per
1321 2564 1572 2611 Sisygambim

219 2626 374 2662 taudem
400 2632 591 2660 exoratam
615 2625 765 2659 veniam
790 2631 924 2670 petunt
944 2630 980 2658 et
1009 2632 1308 2671 consequuntur.
