1703 2961
208 151 288 193 110
393 178 398 184 .
658 147 713 202 Q.
747 147 952 192 CURTH
985 148 1127 192 Rom

196 261 381 309 vsimplici,
404 261 446 294 in
474 259 632 304 gratiam
656 259 828 294 redeunt.
876 262 960 306 (30)
981 262 1068 308 Qua
1099 260 1235 296 fraude
1260 263 1468 307 intellecta,
1490 264 1562 300 Pa-

202 332 302 365 tron,
328 323 405 356 dux
432 322 666 354 Graecorum
692 323 1026 367 mercenariorum,
1051 333 1178 368 regem
1205 332 1299 366 orat,
1325 333 1367 359 ut
1390 328 1561 373 corporis

201 386 259 419 sui
287 384 501 418 custodiam
527 383 681 416 Graecis
705 382 918 417 committat
951 384 1035 428 (31)
1064 395 1193 418 verum
1220 385 1372 425 Darius,
1400 388 1465 433 qui
1490 388 1561 421 hu-

202 457 317 479 mano
349 444 514 478 consilio
549 445 686 478 servari
721 445 910 489 nequiret,
950 453 1063 490 negat
1095 457 1134 479 se
1167 457 1188 479 a
1211 448 1461 492 popularibus
1485 450 1560 483 suis

198 515 448 541 recessurum.
517 506 598 550 (32)
637 507 783 542 Bessus,
818 505 895 538 iam
931 514 1055 539 certus
1082 508 1234 541 consilii
1259 508 1410 550 nefarii,
1435 520 1561 554 regem

194 576 328 603 'tamen
342 568 475 600 fallere
487 566 619 612 pergit,
635 565 802 611 quamvis
815 577 950 611 parum
963 568 1091 601 lateat.
1119 570 1200 613 (33)
1212 569 1280 601 Ille
1293 568 1562 610 nihilominus,

197 632 315 666 eliam
351 627 527 663 Artabazi
559 627 724 660 consilio
763 636 902 673 spreto,
926 629 1003 662 iam
1030 630 1184 664 relictus
1211 642 1232 664 a
1253 631 1435 664 custodiis
1461 631 1560 665 mori

200 693 354 733 mavult,
383 701 498 736 quam
523 688 679 722 unicam
706 689 835 722 salutis
857 690 956 723 viam
981 698 1180 736 temptare.
1240 689 1318 736 (34)
1344 692 1447 725 Tum
1472 703 1561 726 eum

198 756 334 789 Bessus
358 750 630 795 Bactrianique
654 750 842 803 vinciunt,
868 762 912 785 ac
937 763 1066 785 secum
1092 753 1207 786 celeri
1234 753 1325 797 fuga
1350 753 1560 799 abripiunt,

193 814 447 862 sequentibus
479 811 613 853 Persis,
648 811 740 844 dum
771 811 910 846 Graeci
943 821 979 847 et
1011 814 1215 848 Artabazus
1247 814 1479 848 Parthienen
1503 815 1559 848 di-

193 889 306 912 verso
331 875 471 909 itinere
494 879 642 919 petunt.

245 939 331 983 (35)
357 934 572 970 Alexander
607 934 726 968 Tabis
765 935 811 969 de
853 936 1027 981 periculo
1068 935 1178 970 Darii
1217 935 1354 969 nuntio
1387 943 1560 982 accepto,

199 999 374 1033 celeriter
399 997 623 1042 insequitur,
659 996 798 1030 deinde
830 997 956 1040 audit,
1001 998 1078 1031 iam
1122 1005 1276 1043 captum
1320 1008 1399 1031 esse
1438 999 1563 1036 illum.

196 1061 281 1107 (36)
308 1060 400 1094 Aliis
427 1067 541 1104 atque
560 1059 645 1091 aliis
668 1058 872 1104 transfugis
892 1059 1198 1101 advenientibus,
1224 1059 1398 1092 breviore
1422 1060 1561 1094 itinere

192 1130 285 1157 'cum
318 1121 453 1165 exigua
485 1130 641 1152 suorum
678 1131 795 1154 manu
828 1121 986 1153 Bessum
1021 1121 1248 1166 assequitur.
1321 1121 1400 1164 (37)
1430 1121 1560 1166 ltaque

195 1184 261 1219 hie
301 1192 390 1217 cum
424 1181 548 1218 sociis,
591 1190 718 1225 regem
755 1181 960 1225 captivum,
991 1190 1196 1228 postquam
1240 1192 1481 1228 permovere,
1519 1189 1561 1215 ut

190 1258 299 1293 equo
329 1256 460 1278 secum
485 1243 645 1289 fugeret,
672 1243 940 1287 nequiverunt,
974 1245 1292 1277 convulneratum
1317 1242 1464 1287 (medio
1493 1256 1561 1276 an-

193 1320 247 1342 ·no
274 1321 311 1341 a.
349 1306 440 1341 Chr.
479 1313 562 1338 nac.
590 1308 674 1346 330,
706 1305 842 1338 Attico
870 1314 998 1335 mense
1023 1303 1378 1346 Hecatomhaeone,
1409 1304 1558 1350 Oly-rap.

195 1373 275 1411 112,
299 1373 333 1404 3.
360 1367 561 1402 ΛνεΙιοιιιε
587 1363 886 1409 Aristoplzonce)
921 1363 1156 1410 relinquunt,
1187 1365 1261 1410 ipsi
1289 1363 1474 1398 diversam
1500 1366 1560 1399 su·

196 1442 282 1477 gam
324 1428 545 1462 intendunt.
607 1425 748 1459 Relicti
783 1436 804 1458 a
838 1426 959 1458 multo
999 1425 1246 1472 paucioribus
1279 1425 1559 1461 Macedonibus

196 1499 262 1525 aut
288 1490 511 1531 caeduntur,
537 1494 603 1521 aut
627 1488 844 1533 capiuntur.
909 1488 992 1532 (38)
1032 1487 1105 1520 Via
1130 1486 1340 1522 devertens·
1357 1500 1454 1522 unus
1480 1490 1560 1523 Ma·

195 1554 391 1587 cedonum
417 1552 517 1584 forte
541 1549 764 1585 vehiculum
795 1548 999 1594 conspicit,
1029 1548 1071 1582 in
1097 1559 1174 1594 quo
1191 1547 1330 1583 Darius
1357 1551 1560 1585 semivivus

188 1616 269 1650 fuit
294 1616 312 1632 ‘⁶
337 1615 355 1632 ⁴
382 1615 412 1648 ⁴¹.

132 1736 152 1776 1
189 1697 395 1813 QUAE
435 1728 613 1771 interim
650 1725 788 1768 ductu
824 1725 1099 1784 imperioque
1145 1725 1376 1769 Alexandri
1415 1728 1480 1769 vel
1517 1728 1560 1770 in
1576 1747 1605 1777 1,

188 1806 416 1852 'Graecia'
453 1801 519 1844 vel
560 1799 744 1852 Illyriis²
785 1813 835 1840 ac
879 1798 1068 1840 Thracia
1111 1807 1229 1855 gesta
1266 1807 1377 1849 sunt,
1405 1799 1439 1841 si
1469 1801 1556 1842 suis

192 1876 425 1938 quaeque3
466 1872 741 1929 temporibus
781 1871 964 1912 reddere
1002 1871 1196 1918 voluero,
1232 1871 1556 1928 interrumpen-

193 1953 275 1994 dae
305 1956 406 1992 sunt
435 1961 502 1988 res
529 1944 668 1994 Asiae,
699 1959 806 2002 quas
834 1943 982 2000 utique
1013 1941 1070 1983 ad
1095 1941 1246 2000 fugam
1275 1951 1555 2001 mortemque
1586 1969 1607 1991 2

190 2022 325 2066 Darei
367 2020 585 2062 universas
621 2017 666 2058 in
721 2015 1046 2072 conspectum*
1076 2013 1193 2063 dari,
1220 2022 1265 2056 et
1293 2016 1406 2058 sicut
1440 2015 1556 2058 inter

190 2111 236 2138 se
270 2093 553 2141 cohaerent‚⁵
599 2089 658 2131 ita
697 2103 830 2146 opere
870 2088 963 2144 ipso
1001 2085 1229 2142 coniungi,
1265 2085 1385 2129 haud
1425 2090 1556 2145 paulo

189 2167 335 2225 aptius
364 2164 499 2206 videri
538 2169 695 2220 potest.
759 2161 936 2217 Igitur⁶
972 2173 1085 2216 quae
1120 2159 1290 2216 proelio
1329 2161 1447 2218 apud
1474 2162 1554 2202 Ar·-

191 2239 290 2287 bela
327 2237 561 2280 coniuncta
593 2241 706 2283 sunt,
748 2232 895 2274 ordiar
931 2233 1088 2274 dicere.

273 2313 444 2354 Dareus
486 2307 631 2350 media
674 2304 765 2346 fere
797 2313 928 2346 nocte
957 2304 1116 2346 Arbela
1146 2308 1452 2360 pervenerat,⁷
1487 2320 1559 2347 eo·
1590 2326 1608 2354 3

195 2387 388 2442 demque
426 2395 611 2438 magnae
648 2378 784 2436 partis
811 2378 1058 2420 amicorum
1082 2375 1170 2417 eius
1197 2390 1248 2417 ac
1276 2375 1467 2417 militum
1491 2376 1556 2418 fu-

196 2559 214 2597 ¹.
240 2553 414 2590 Graecia.
640 2546 661 2573 2
687 2548 748 2582 vel
775 2548 817 2582 in
840 2547 991 2593 Illyriis.
1215 2546 1235 2577 3
1263 2557 1437 2594 quaeque
1462 2547 1552 2581 suis.

283 2611 305 2641 4
332 2611 553 2653 conspectu.
689 2604 708 2631 5
736 2602 943 2636 cohaerent
967 2610 1206 2648 tempore.
1347 2601 1368 2627 ⁶
1392 2600 1558 2636 additur

287 2671 388 2697 aute.
590 2658 607 2686 7
633 2658 821 2703 pervenit.
