<?xml version="1.0" encoding="UTF-8"?>
<!DOCTYPE html PUBLIC "-//W3C//DTD XHTML 1.0 Transitional//EN"
    "http://www.w3.org/TR/xhtml1/DTD/xhtml1-transitional.dtd">
<html xmlns="http://www.w3.org/1999/xhtml" xml:lang="en" lang="en">
 <head>
  <title>
</title>
<meta http-equiv="Content-Type" content="text/html;charset=utf-8" />
  <meta name='ocr-system' content='tesseract 3.04.00' />
  <meta name='ocr-capabilities' content='ocr_page ocr_carea ocr_par ocr_line ocrx_word'/>
</head>
<body>
  <div class='ocr_page' id='page_1' title='image "./degestisalexandr00curtuoft_0322.png"; bbox 0 0 1703 2961; ppageno 0'>
   <div class='ocr_carea' id='block_1_1' title="bbox 252 72 1703 670">
    <p class='ocr_par' dir='ltr' id='par_1_1' title="bbox 252 72 1703 670">
     <span class='ocr_line' id='line_1_1' title="bbox 1697 72 1703 93; baseline 0 0"><span class='ocrx_word' id='word_1_1' title='bbox 1697 72 1703 93; x_wconf 72' lang='lat' dir='ltr'>fl</span> 
     </span>
     <span class='ocr_line' id='line_1_2' title="bbox 252 124 1703 204; baseline -0.003 -16"><span class='ocrx_word' id='word_1_2' title='bbox 252 147 334 188; x_wconf 81' lang='lat'>258</span> <span class='ocrx_word' id='word_1_3' title='bbox 714 141 769 198; x_wconf 86' lang='lat' dir='ltr'>Q.</span> <span class='ocrx_word' id='word_1_4' title='bbox 800 143 1004 187; x_wconf 69' lang='lat' dir='ltr'>cumn</span> <span class='ocrx_word' id='word_1_5' title='bbox 1033 143 1174 186; x_wconf 73' lang='lat' dir='ltr'>mm</span> <span class='ocrx_word' id='word_1_6' title='bbox 1696 124 1703 204; x_wconf 71' lang='grc' dir='ltr'>ξ</span> 
     </span>
     <span class='ocr_line' id='line_1_3' title="bbox 256 254 1614 313; baseline 0 -15"><span class='ocrx_word' id='word_1_7' title='bbox 256 271 394 298; x_wconf 88' lang='lat' dir='ltr'>unum</span> <span class='ocrx_word' id='word_1_8' title='bbox 429 262 652 313; x_wconf 78' lang='lat' dir='ltr'><strong>precatus,</strong></span> <span class='ocrx_word' id='word_1_9' title='bbox 697 269 753 295; x_wconf 92' lang='lat' dir='ltr'>ne</span> <span class='ocrx_word' id='word_1_10' title='bbox 797 255 1071 299; x_wconf 85' lang='lat' dir='ltr'>voluntatem</span> <span class='ocrx_word' id='word_1_11' title='bbox 1110 261 1153 297; x_wconf 84' lang='lat' dir='ltr'>et</span> <span class='ocrx_word' id='word_1_12' title='bbox 1189 254 1415 297; x_wconf 90' lang='lat' dir='ltr'>consilium</span> <span class='ocrx_word' id='word_1_13' title='bbox 1462 256 1614 298; x_wconf 85' lang='lat' dir='ltr'>matris</span> 
     </span>
     <span class='ocr_line' id='line_1_4' title="bbox 257 326 1611 384; baseline -0.001 -13"><span class='ocrx_word' id='word_1_14' title='bbox 257 345 359 371; x_wconf 90' lang='lat' dir='ltr'>suae</span> <span class='ocrx_word' id='word_1_15' title='bbox 391 327 611 383; x_wconf 84' lang='lat' dir='ltr'>proderet,</span> <span class='ocrx_word' id='word_1_16' title='bbox 650 341 738 383; x_wconf 91' lang='lat' dir='ltr'>quo</span> <span class='ocrx_word' id='word_1_17' title='bbox 774 326 940 370; x_wconf 82' lang='lat' dir='ltr'>facilius</span> <span class='ocrx_word' id='word_1_18' title='bbox 966 328 1089 370; x_wconf 82' lang='lat' dir='ltr'>venia</span> <span class='ocrx_word' id='word_1_19' title='bbox 1117 327 1173 367; x_wconf 89' lang='lat' dir='ltr'>illi</span> <span class='ocrx_word' id='word_1_20' title='bbox 1205 341 1380 383; x_wconf 89' lang='lat' dir='ltr'>quoque</span> <span class='ocrx_word' id='word_1_21' title='bbox 1405 327 1611 384; x_wconf 88' lang='lat' dir='ltr'>impetra-</span> 
     </span>
     <span class='ocr_line' id='line_1_5' title="bbox 259 397 1673 455; baseline -0.001 -13"><span class='ocrx_word' id='word_1_22' title='bbox 259 407 393 442; x_wconf 85' lang='lat' dir='ltr'><strong>retur.</strong></span> <span class='ocrx_word' id='word_1_23' title='bbox 448 397 738 440; x_wconf 81' lang='lat' dir='ltr'>Praemissum</span> <span class='ocrx_word' id='word_1_24' title='bbox 767 397 896 455; x_wconf 74' lang='lat' dir='ltr'>igitur</span> <span class='ocrx_word' id='word_1_25' title='bbox 926 400 1120 442; x_wconf 75' lang='lat' dir='ltr'>Oxarten</span> <span class='ocrx_word' id='word_1_26' title='bbox 1142 402 1154 423; x_wconf 92' lang='lat'>¹</span> <span class='ocrx_word' id='word_1_27' title='bbox 1201 413 1303 439; x_wconf 88' lang='lat' dir='ltr'>cum</span> <span class='ocrx_word' id='word_1_28' title='bbox 1341 406 1483 441; x_wconf 91' lang='lat' dir='ltr'>matre</span> <span class='ocrx_word' id='word_1_29' title='bbox 1512 399 1673 440; x_wconf 87' lang='lat' dir='ltr'>libe-31</span> 
     </span>
     <span class='ocr_line' id='line_1_6' title="bbox 261 469 1614 528; baseline -0.001 -15"><span class='ocrx_word' id='word_1_30' title='bbox 261 472 403 528; x_wconf 90' lang='lat' dir='ltr'>risque</span> <span class='ocrx_word' id='word_1_31' title='bbox 436 477 478 512; x_wconf 92' lang='lat' dir='ltr'>et</span> <span class='ocrx_word' id='word_1_32' title='bbox 503 469 638 511; x_wconf 90' lang='lat' dir='ltr'>totius</span> <span class='ocrx_word' id='word_1_33' title='bbox 679 470 949 524; x_wconf 75' lang='lat' dir='ltr'>cognationis</span> <span class='ocrx_word' id='word_1_34' title='bbox 995 485 1119 527; x_wconf 74' lang='lat' dir='ltr'>grege</span> <span class='ocrx_word' id='word_1_35' title='bbox 1159 470 1433 526; x_wconf 86' lang='lat' dir='ltr'>sequebatur,</span> <span class='ocrx_word' id='word_1_36' title='bbox 1462 485 1517 511; x_wconf 89' lang='lat' dir='ltr'>ne</span> <span class='ocrx_word' id='word_1_37' title='bbox 1547 487 1614 512; x_wconf 89' lang='lat' dir='ltr'>ex-</span> 
     </span>
     <span class='ocr_line' id='line_1_7' title="bbox 261 539 1615 601; baseline -0.002 -16"><span class='ocrx_word' id='word_1_38' title='bbox 261 550 439 601; x_wconf 87' lang='lat' dir='ltr'>pectato</span> <span class='ocrx_word' id='word_1_39' title='bbox 477 541 657 599; x_wconf 86' lang='lat' dir='ltr'>quidem</span> <span class='ocrx_word' id='word_1_40' title='bbox 695 539 793 581; x_wconf 86' lang='lat' dir='ltr'>fidei</span> <span class='ocrx_word' id='word_1_41' title='bbox 832 542 1034 598; x_wconf 76' lang='lat' dir='ltr'>pignore,</span> <span class='ocrx_word' id='word_1_42' title='bbox 1076 541 1198 598; x_wconf 90' lang='lat' dir='ltr'>quod</span> <span class='ocrx_word' id='word_1_43' title='bbox 1236 541 1422 582; x_wconf 87' lang='lat' dir='ltr'>Oxartes</span> <span class='ocrx_word' id='word_1_44' title='bbox 1452 542 1615 598; x_wconf 89' lang='lat' dir='ltr'>promi-</span> 
     </span>
     <span class='ocr_line' id='line_1_8' title="bbox 263 612 1676 670; baseline -0.001 -15"><span class='ocrx_word' id='word_1_45' title='bbox 263 620 390 656; x_wconf 85' lang='lat' dir='ltr'>serat.</span> <span class='ocrx_word' id='word_1_46' title='bbox 444 613 549 661; x_wconf 86' lang='lat' dir='ltr'>Rex,</span> <span class='ocrx_word' id='word_1_47' title='bbox 582 612 727 669; x_wconf 86' lang='lat' dir='ltr'>equite</span> <span class='ocrx_word' id='word_1_48' title='bbox 756 612 1007 668; x_wconf 89' lang='lat' dir='ltr'>praemisso,</span> <span class='ocrx_word' id='word_1_49' title='bbox 1036 612 1109 670; x_wconf 89' lang='lat' dir='ltr'>qui</span> <span class='ocrx_word' id='word_1_50' title='bbox 1141 613 1295 654; x_wconf 89' lang='lat' dir='ltr'>reverti</span> <span class='ocrx_word' id='word_1_51' title='bbox 1327 627 1401 654; x_wconf 85' lang='lat' dir='ltr'>eos</span> <span class='ocrx_word' id='word_1_52' title='bbox 1430 612 1676 664; x_wconf 84' lang='lat' dir='ltr'>iuberet‚32</span> 
     </span>
    </p>
   </div>
   <div class='ocr_carea' id='block_1_2' title="bbox 207 755 1687 1172">
    <p class='ocr_par' dir='ltr' id='par_1_2' title="bbox 263 755 1676 1028">
     <span class='ocr_line' id='line_1_9' title="bbox 264 755 1617 814; baseline 0 -16"><span class='ocrx_word' id='word_1_53' title='bbox 264 757 347 798; x_wconf 90' lang='lat' dir='ltr'>mis</span> <span class='ocrx_word' id='word_1_54' title='bbox 371 756 594 798; x_wconf 90' lang='lat' dir='ltr'>Minervae</span> <span class='ocrx_word' id='word_1_55' title='bbox 634 771 685 798; x_wconf 90' lang='lat' dir='ltr'>ac</span> <span class='ocrx_word' id='word_1_56' title='bbox 725 755 947 798; x_wconf 76' lang='lat' dir='ltr'>Victoriae</span> <span class='ocrx_word' id='word_1_57' title='bbox 987 755 1135 803; x_wconf 86' lang='lat' dir='ltr'>caesis,</span> <span class='ocrx_word' id='word_1_58' title='bbox 1173 756 1407 812; x_wconf 89' lang='lat' dir='ltr'>imperium</span> <span class='ocrx_word' id='word_1_59' title='bbox 1438 757 1617 814; x_wconf 89' lang='lat' dir='ltr'>Sysimi-</span> 
     </span>
     <span class='ocr_line' id='line_1_10' title="bbox 263 826 1618 884; baseline 0 -15"><span class='ocrx_word' id='word_1_60' title='bbox 263 828 352 869; x_wconf 82' lang='lat' dir='ltr'>thri</span> <span class='ocrx_word' id='word_1_61' title='bbox 386 828 586 877; x_wconf 84' lang='lat' dir='ltr'>restituit,</span> <span class='ocrx_word' id='word_1_62' title='bbox 626 842 701 884; x_wconf 90' lang='lat' dir='ltr'>spe</span> <span class='ocrx_word' id='word_1_63' title='bbox 743 826 920 868; x_wconf 89' lang='lat' dir='ltr'>maioris</span> <span class='ocrx_word' id='word_1_64' title='bbox 957 826 1089 867; x_wconf 89' lang='lat' dir='ltr'>etiam</span> <span class='ocrx_word' id='word_1_65' title='bbox 1131 828 1382 884; x_wconf 90' lang='lat' dir='ltr'>provinciae</span> <span class='ocrx_word' id='word_1_66' title='bbox 1419 827 1549 877; x_wconf 87' lang='lat' dir='ltr'>facta,</span> <span class='ocrx_word' id='word_1_67' title='bbox 1585 828 1618 870; x_wconf 89' lang='lat' dir='ltr'>si</span> 
     </span>
     <span class='ocr_line' id='line_1_11' title="bbox 266 898 1676 955; baseline 0.001 -15"><span class='ocrx_word' id='word_1_68' title='bbox 266 915 369 941; x_wconf 87' lang='lat' dir='ltr'>cum</span> <span class='ocrx_word' id='word_1_69' title='bbox 398 899 483 941; x_wconf 80' lang='lat' dir='ltr'>fide</span> <span class='ocrx_word' id='word_1_70' title='bbox 515 900 752 942; x_wconf 85' lang='lat' dir='ltr'>amicitiam</span> <span class='ocrx_word' id='word_1_71' title='bbox 783 898 914 955; x_wconf 91' lang='lat' dir='ltr'>ipsius</span> <span class='ocrx_word' id='word_1_72' title='bbox 947 898 1158 940; x_wconf 82' lang='lat' dir='ltr'>coluisset</span> <span class='ocrx_word' id='word_1_73' title='bbox 1207 899 1330 940; x_wconf 90' lang='lat' dir='ltr'>Duos</span> <span class='ocrx_word' id='word_1_74' title='bbox 1355 899 1411 940; x_wconf 90' lang='lat' dir='ltr'>illi</span> <span class='ocrx_word' id='word_1_75' title='bbox 1442 915 1615 942; x_wconf 80' lang='lat' dir='ltr'>iuvenes</span> <span class='ocrx_word' id='word_1_76' title='bbox 1630 917 1676 946; x_wconf 84' lang='lat'>33</span> 
     </span>
     <span class='ocr_line' id='line_1_12' title="bbox 265 969 1410 1028; baseline 0 -16"><span class='ocrx_word' id='word_1_77' title='bbox 265 978 391 1028; x_wconf 83' lang='lat' dir='ltr'>patre</span> <span class='ocrx_word' id='word_1_78' title='bbox 417 972 634 1022; x_wconf 84' lang='lat' dir='ltr'>tradente,</span> <span class='ocrx_word' id='word_1_79' title='bbox 657 987 806 1014; x_wconf 89' lang='lat' dir='ltr'>secum</span> <span class='ocrx_word' id='word_1_80' title='bbox 837 969 1099 1011; x_wconf 87' lang='lat' dir='ltr'>militaturos</span> <span class='ocrx_word' id='word_1_81' title='bbox 1125 971 1246 1027; x_wconf 87' lang='lat' dir='ltr'>sequi</span> <span class='ocrx_word' id='word_1_82' title='bbox 1277 970 1410 1012; x_wconf 86' lang='lat' dir='ltr'>iussit.</span> 
     </span>
    </p>

    <p class='ocr_par' dir='ltr' id='par_1_3' title="bbox 207 1041 1687 1172">
     <span class='ocr_line' id='line_1_13' title="bbox 207 1041 1621 1100; baseline 0.001 -17"><span class='ocrx_word' id='word_1_83' title='bbox 207 1043 260 1084; x_wconf 79' lang='lat'>10</span> <span class='ocrx_word' id='word_1_84' title='bbox 352 1043 519 1085; x_wconf 90' lang='lat' dir='ltr'>Relicta</span> <span class='ocrx_word' id='word_1_85' title='bbox 559 1043 716 1085; x_wconf 89' lang='lat' dir='ltr'>deinde</span> <span class='ocrx_word' id='word_1_86' title='bbox 750 1042 986 1100; x_wconf 79' lang='lat' dir='ltr'>phalange,</span> <span class='ocrx_word' id='word_1_87' title='bbox 1025 1042 1079 1082; x_wconf 94' lang='lat' dir='ltr'>ad</span> <span class='ocrx_word' id='word_1_88' title='bbox 1118 1041 1396 1097; x_wconf 75' lang='lat' dir='ltr'>subigendos,</span> <span class='ocrx_word' id='word_1_89' title='bbox 1435 1042 1509 1100; x_wconf 86' lang='lat' dir='ltr'>qui</span> <span class='ocrx_word' id='word_1_90' title='bbox 1552 1043 1621 1084; x_wconf 91' lang='lat' dir='ltr'>de-</span> 
     </span>
     <span class='ocr_line' id='line_1_14' title="bbox 267 1112 1687 1172; baseline 0 -16"><span class='ocrx_word' id='word_1_91' title='bbox 267 1115 477 1165; x_wconf 84' lang='lat' dir='ltr'>fecerant,</span> <span class='ocrx_word' id='word_1_92' title='bbox 517 1131 618 1156; x_wconf 88' lang='lat' dir='ltr'>cum</span> <span class='ocrx_word' id='word_1_93' title='bbox 659 1115 802 1172; x_wconf 82' lang='lat' dir='ltr'>equite</span> <span class='ocrx_word' id='word_1_94' title='bbox 840 1112 1067 1170; x_wconf 86' lang='lat' dir='ltr'>processit.</span> <span class='ocrx_word' id='word_1_95' title='bbox 1140 1114 1342 1154; x_wconf 81' lang='lat' dir='ltr'>Arduum</span> <span class='ocrx_word' id='word_1_96' title='bbox 1367 1121 1410 1155; x_wconf 88' lang='lat' dir='ltr'>et</span> <span class='ocrx_word' id='word_1_97' title='bbox 1439 1114 1623 1170; x_wconf 88' lang='lat' dir='ltr'>impedi</span> <span class='ocrx_word' id='word_1_98' title='bbox 1640 1132 1687 1160; x_wconf 78' lang='lat'>34</span> 
     </span>
    </p>
   </div>
   <div class='ocr_carea' id='block_1_3' title="bbox 264 220 1703 947">
    <p class='ocr_par' dir='ltr' id='par_1_4' title="bbox 264 220 1703 947">
     <span class='ocr_line' id='line_1_15' title="bbox 1697 220 1703 321; baseline 0 0"><span class='ocrx_word' id='word_1_99' title='bbox 1697 220 1703 321; x_wconf 75' lang='lat' dir='ltr'>l</span> 
     </span>
     <span class='ocr_line' id='line_1_16' title="bbox 1698 373 1703 461; baseline 0 0"><span class='ocrx_word' id='word_1_100' title='bbox 1698 373 1703 461; x_wconf 72' lang='grc' dir='ltr'>Ξ</span> 
     </span>
     <span class='ocr_line' id='line_1_17' title="bbox 1698 464 1703 485; baseline 0 0"><span class='ocrx_word' id='word_1_101' title='bbox 1698 464 1703 485; x_wconf 72' lang='grc'><strong>4</strong></span> 
     </span>
     <span class='ocr_line' id='line_1_18' title="bbox 1697 489 1703 583; baseline 0 0"><span class='ocrx_word' id='word_1_102' title='bbox 1697 489 1703 583; x_wconf 70' lang='grc'>1</span> 
     </span>
     <span class='ocr_line' id='line_1_19' title="bbox 264 662 1703 863; baseline 0 -137"><span class='ocrx_word' id='word_1_103' title='bbox 264 684 544 742; x_wconf 86' lang='lat' dir='ltr'>opperirique</span> <span class='ocrx_word' id='word_1_104' title='bbox 580 684 873 741; x_wconf 84' lang='lat' dir='ltr'>praesentiam</span> <span class='ocrx_word' id='word_1_105' title='bbox 911 683 1063 740; x_wconf 88' lang='lat' dir='ltr'>ipsius,</span> <span class='ocrx_word' id='word_1_106' title='bbox 1111 684 1381 740; x_wconf 79' lang='lat' dir='ltr'>supervenit3</span> <span class='ocrx_word' id='word_1_107' title='bbox 1422 691 1466 725; x_wconf 85' lang='lat' dir='ltr'>et</span> <span class='ocrx_word' id='word_1_108' title='bbox 1498 685 1619 726; x_wconf 89' lang='lat' dir='ltr'>victi-</span> <span class='ocrx_word' id='word_1_109' title='bbox 1698 662 1703 863; x_wconf 55' lang='grc'>1</span> 
     </span>
     <span class='ocr_line' id='line_1_20' title="bbox 1699 915 1703 947; baseline 0 0"><span class='ocrx_word' id='word_1_110' title='bbox 1699 915 1703 947; x_wconf 89' lang='grc'>1</span> 
     </span>
    </p>
   </div>
   <div class='ocr_carea' id='block_1_4' title="bbox 267 1184 1623 1243">
    <p class='ocr_par' dir='ltr' id='par_1_5' title="bbox 267 1184 1623 1243">
     <span class='ocr_line' id='line_1_21' title="bbox 267 1184 1623 1243; baseline 0.001 -16"><span class='ocrx_word' id='word_1_111' title='bbox 267 1195 363 1227; x_wconf 89' lang='lat' dir='ltr'>tum</span> <span class='ocrx_word' id='word_1_112' title='bbox 394 1187 502 1228; x_wconf 90' lang='lat' dir='ltr'>saxis</span> <span class='ocrx_word' id='word_1_113' title='bbox 528 1188 610 1228; x_wconf 86' lang='lat' dir='ltr'>iter</span> <span class='ocrx_word' id='word_1_114' title='bbox 627 1187 772 1243; x_wconf 90' lang='lat' dir='ltr'>primo</span> <span class='ocrx_word' id='word_1_115' title='bbox 802 1192 1023 1241; x_wconf 81' lang='lat' dir='ltr'>utcunque</span> <span class='ocrx_word' id='word_1_116' title='bbox 1062 1184 1318 1226; x_wconf 86' lang='lat' dir='ltr'>tolerabant.</span> <span class='ocrx_word' id='word_1_117' title='bbox 1357 1187 1463 1228; x_wconf 88' lang='lat' dir='ltr'>Mox</span> <span class='ocrx_word' id='word_1_118' title='bbox 1492 1202 1623 1243; x_wconf 91' lang='lat' dir='ltr'>equo-</span> 
     </span>
    </p>
   </div>
   <div class='ocr_carea' id='block_1_5' title="bbox 1698 1117 1703 1275">
    <p class='ocr_par' dir='ltr' id='par_1_6' title="bbox 1698 1117 1703 1275">
     <span class='ocr_line' id='line_1_22' title="bbox 1698 1117 1703 1275; baseline 0 0"><span class='ocrx_word' id='word_1_119' title='bbox 1698 1117 1703 1275; x_wconf 95' lang='lat' dir='ltr'> </span> 
     </span>
    </p>
   </div>
   <div class='ocr_carea' id='block_1_6' title="bbox 268 1257 1687 1745">
    <p class='ocr_par' dir='ltr' id='par_1_7' title="bbox 268 1257 1687 1745">
     <span class='ocr_line' id='line_1_23' title="bbox 269 1257 1622 1315; baseline 0 -16"><span class='ocrx_word' id='word_1_120' title='bbox 269 1273 370 1300; x_wconf 87' lang='lat' dir='ltr'>rum</span> <span class='ocrx_word' id='word_1_121' title='bbox 400 1274 491 1299; x_wconf 90' lang='lat' dir='ltr'>non</span> <span class='ocrx_word' id='word_1_122' title='bbox 522 1258 690 1315; x_wconf 76' lang='lat' dir='ltr'>ungulis</span> <span class='ocrx_word' id='word_1_123' title='bbox 730 1258 865 1299; x_wconf 87' lang='lat' dir='ltr'>modo</span> <span class='ocrx_word' id='word_1_124' title='bbox 895 1257 1064 1306; x_wconf 86' lang='lat' dir='ltr'>attritis,</span> <span class='ocrx_word' id='word_1_125' title='bbox 1095 1258 1169 1298; x_wconf 88' lang='lat' dir='ltr'>sed</span> <span class='ocrx_word' id='word_1_126' title='bbox 1202 1258 1460 1313; x_wconf 87' lang='lat' dir='ltr'>corporibus</span> <span class='ocrx_word' id='word_1_127' title='bbox 1489 1259 1622 1299; x_wconf 89' lang='lat' dir='ltr'>etiam</span> 
     </span>
     <span class='ocr_line' id='line_1_24' title="bbox 268 1328 1624 1386; baseline 0 -15"><span class='ocrx_word' id='word_1_128' title='bbox 268 1329 470 1386; x_wconf 77' lang='lat' dir='ltr'>fatigatis,</span> <span class='ocrx_word' id='word_1_129' title='bbox 509 1329 628 1386; x_wconf 90' lang='lat' dir='ltr'>sequi</span> <span class='ocrx_word' id='word_1_130' title='bbox 673 1328 867 1386; x_wconf 90' lang='lat' dir='ltr'>plerique</span> <span class='ocrx_word' id='word_1_131' title='bbox 905 1343 996 1369; x_wconf 89' lang='lat' dir='ltr'>non</span> <span class='ocrx_word' id='word_1_132' title='bbox 1031 1336 1249 1385; x_wconf 88' lang='lat' dir='ltr'>poterant,</span> <span class='ocrx_word' id='word_1_133' title='bbox 1288 1336 1332 1369; x_wconf 89' lang='lat' dir='ltr'>et</span> <span class='ocrx_word' id='word_1_134' title='bbox 1359 1329 1496 1370; x_wconf 88' lang='lat' dir='ltr'>rarius</span> <span class='ocrx_word' id='word_1_135' title='bbox 1526 1330 1624 1371; x_wconf 86' lang='lat' dir='ltr'>sub-</span> 
     </span>
     <span class='ocr_line' id='line_1_25' title="bbox 269 1399 1621 1457; baseline -0.001 -14"><span class='ocrx_word' id='word_1_136' title='bbox 269 1401 373 1443; x_wconf 83' lang='lat' dir='ltr'>inde</span> <span class='ocrx_word' id='word_1_137' title='bbox 411 1416 566 1457; x_wconf 79' lang='lat' dir='ltr'>agmen</span> <span class='ocrx_word' id='word_1_138' title='bbox 603 1399 746 1451; x_wconf 86' lang='lat' dir='ltr'>fiebat,</span> <span class='ocrx_word' id='word_1_139' title='bbox 783 1400 1025 1457; x_wconf 89' lang='lat' dir='ltr'>pudorem,</span> <span class='ocrx_word' id='word_1_140' title='bbox 1063 1408 1112 1441; x_wconf 89' lang='lat' dir='ltr'>ut</span> <span class='ocrx_word' id='word_1_141' title='bbox 1151 1400 1242 1442; x_wconf 85' lang='lat' dir='ltr'>fere</span> <span class='ocrx_word' id='word_1_142' title='bbox 1280 1399 1341 1448; x_wconf 84' lang='lat' dir='ltr'>fit,</span> <span class='ocrx_word' id='word_1_143' title='bbox 1378 1400 1621 1444; x_wconf 88' lang='lat' dir='ltr'>immodico</span> 
     </span>
     <span class='ocr_line' id='line_1_26' title="bbox 269 1473 1687 1530; baseline -0.001 -15"><span class='ocrx_word' id='word_1_144' title='bbox 269 1474 421 1515; x_wconf 90' lang='lat' dir='ltr'>labore</span> <span class='ocrx_word' id='word_1_145' title='bbox 451 1473 664 1515; x_wconf 88' lang='lat' dir='ltr'>vincente.</span> <span class='ocrx_word' id='word_1_146' title='bbox 729 1473 822 1513; x_wconf 87' lang='lat' dir='ltr'>Rex</span> <span class='ocrx_word' id='word_1_147' title='bbox 859 1479 1021 1522; x_wconf 87' lang='lat' dir='ltr'>tamen,</span> <span class='ocrx_word' id='word_1_148' title='bbox 1057 1473 1242 1514; x_wconf 89' lang='lat' dir='ltr'>subinde</span> <span class='ocrx_word' id='word_1_149' title='bbox 1274 1488 1410 1530; x_wconf 90' lang='lat' dir='ltr'>equos</span> <span class='ocrx_word' id='word_1_150' title='bbox 1438 1481 1687 1524; x_wconf 82' lang='lat' dir='ltr'>mutans‚35</span> 
     </span>
     <span class='ocr_line' id='line_1_27' title="bbox 271 1544 1626 1602; baseline 0 -15"><span class='ocrx_word' id='word_1_151' title='bbox 271 1545 362 1588; x_wconf 90' lang='lat' dir='ltr'>sine</span> <span class='ocrx_word' id='word_1_152' title='bbox 412 1544 733 1586; x_wconf 86' lang='lat' dir='ltr'>intermissione</span> <span class='ocrx_word' id='word_1_153' title='bbox 789 1544 1002 1601; x_wconf 76' lang='lat' dir='ltr'>fugientes</span> <span class='ocrx_word' id='word_1_154' title='bbox 1047 1545 1373 1602; x_wconf 81' lang='lat' dir='ltr'>insequebatur.</span> <span class='ocrx_word' id='word_1_155' title='bbox 1447 1546 1626 1587; x_wconf 89' lang='lat' dir='ltr'>Nobiles</span> 
     </span>
     <span class='ocr_line' id='line_1_28' title="bbox 271 1616 1629 1673; baseline 0.001 -15"><span class='ocrx_word' id='word_1_156' title='bbox 271 1617 448 1658; x_wconf 89' lang='lat' dir='ltr'>iuvenes</span> <span class='ocrx_word' id='word_1_157' title='bbox 490 1617 689 1658; x_wconf 85' lang='lat' dir='ltr'>comitari</span> <span class='ocrx_word' id='word_1_158' title='bbox 732 1631 832 1658; x_wconf 82' lang='lat' dir='ltr'>eum</span> <span class='ocrx_word' id='word_1_159' title='bbox 886 1616 997 1656; x_wconf 88' lang='lat' dir='ltr'>soliti</span> <span class='ocrx_word' id='word_1_160' title='bbox 1029 1616 1280 1658; x_wconf 85' lang='lat' dir='ltr'>defecerant</span> <span class='ocrx_word' id='word_1_161' title='bbox 1320 1625 1495 1673; x_wconf 86' lang='lat' dir='ltr'>praeter</span> <span class='ocrx_word' id='word_1_162' title='bbox 1532 1618 1629 1659; x_wconf 79' lang='lat' dir='ltr'>Phi-</span> 
     </span>
     <span class='ocr_line' id='line_1_29' title="bbox 271 1687 1626 1745; baseline 0.001 -16"><span class='ocrx_word' id='word_1_163' title='bbox 271 1688 454 1744; x_wconf 88' lang='lat' dir='ltr'>lippum.</span> <span class='ocrx_word' id='word_1_164' title='bbox 510 1687 757 1745; x_wconf 81' lang='lat' dir='ltr'>Lysimachi</span> <span class='ocrx_word' id='word_1_165' title='bbox 789 1694 882 1728; x_wconf 86' lang='lat' dir='ltr'>erat</span> <span class='ocrx_word' id='word_1_166' title='bbox 911 1687 1056 1736; x_wconf 81' lang='lat' dir='ltr'>frater,</span> <span class='ocrx_word' id='word_1_167' title='bbox 1086 1695 1180 1729; x_wconf 89' lang='lat' dir='ltr'>tum</span> <span class='ocrx_word' id='word_1_168' title='bbox 1214 1689 1409 1745; x_wconf 85' lang='lat' dir='ltr'>primum</span> <span class='ocrx_word' id='word_1_169' title='bbox 1440 1690 1626 1737; x_wconf 85' lang='lat' dir='ltr'>adultus,</span> 
     </span>
    </p>
   </div>
   <div class='ocr_carea' id='block_1_7' title="bbox 1695 1663 1703 1823">
    <p class='ocr_par' dir='ltr' id='par_1_8' title="bbox 1695 1663 1703 1823">
     <span class='ocr_line' id='line_1_30' title="bbox 1695 1663 1703 1823; baseline 0 0"><span class='ocrx_word' id='word_1_170' title='bbox 1695 1663 1703 1823; x_wconf 95' lang='lat' dir='ltr'> </span> 
     </span>
    </p>
   </div>
   <div class='ocr_carea' id='block_1_8' title="bbox 271 1759 1688 1888">
    <p class='ocr_par' dir='ltr' id='par_1_9' title="bbox 271 1759 1688 1888">
     <span class='ocr_line' id='line_1_31' title="bbox 271 1759 1688 1817; baseline 0.001 -17"><span class='ocrx_word' id='word_1_171' title='bbox 271 1765 329 1809; x_wconf 81' lang='lat' dir='ltr'>et,</span> <span class='ocrx_word' id='word_1_172' title='bbox 361 1759 482 1816; x_wconf 89' lang='lat' dir='ltr'>quod</span> <span class='ocrx_word' id='word_1_173' title='bbox 509 1759 633 1801; x_wconf 86' lang='lat' dir='ltr'>facile</span> <span class='ocrx_word' id='word_1_174' title='bbox 660 1766 904 1816; x_wconf 87' lang='lat' dir='ltr'>appareret,</span> <span class='ocrx_word' id='word_1_175' title='bbox 934 1759 1090 1800; x_wconf 86' lang='lat' dir='ltr'>indolis</span> <span class='ocrx_word' id='word_1_176' title='bbox 1120 1775 1255 1801; x_wconf 87' lang='lat' dir='ltr'>rarae.</span> <span class='ocrx_word' id='word_1_177' title='bbox 1317 1762 1355 1801; x_wconf 90' lang='lat' dir='ltr'>Is</span> <span class='ocrx_word' id='word_1_178' title='bbox 1386 1762 1532 1817; x_wconf 87' lang='lat' dir='ltr'>pedes,</span> <span class='ocrx_word' id='word_1_179' title='bbox 1564 1762 1688 1804; x_wconf 82' lang='lat' dir='ltr'>in-36</span> 
     </span>
     <span class='ocr_line' id='line_1_32' title="bbox 273 1830 1626 1888; baseline 0.001 -15"><span class='ocrx_word' id='word_1_180' title='bbox 273 1830 480 1874; x_wconf 89' lang='lat' dir='ltr'>credibile</span> <span class='ocrx_word' id='word_1_181' title='bbox 509 1830 639 1881; x_wconf 87' lang='lat' dir='ltr'>dictu,</span> <span class='ocrx_word' id='word_1_182' title='bbox 668 1845 749 1887; x_wconf 89' lang='lat' dir='ltr'>per</span> <span class='ocrx_word' id='word_1_183' title='bbox 778 1843 806 1871; x_wconf 88' lang='lat' dir='ltr'>D</span> <span class='ocrx_word' id='word_1_184' title='bbox 839 1831 973 1871; x_wconf 88' lang='lat' dir='ltr'>stadia</span> <span class='ocrx_word' id='word_1_185' title='bbox 1003 1838 1179 1873; x_wconf 86' lang='lat' dir='ltr'>vectum</span> <span class='ocrx_word' id='word_1_186' title='bbox 1210 1848 1357 1888; x_wconf 80' lang='lat' dir='ltr'>regem</span> <span class='ocrx_word' id='word_1_187' title='bbox 1391 1834 1626 1874; x_wconf 86' lang='lat' dir='ltr'>comitatus</span> 
     </span>
    </p>
   </div>
   <div class='ocr_carea' id='block_1_9' title="bbox 1696 1826 1703 1943">
    <p class='ocr_par' dir='ltr' id='par_1_10' title="bbox 1696 1826 1703 1943">
     <span class='ocr_line' id='line_1_33' title="bbox 1696 1826 1703 1943; baseline 0 1018"><span class='ocrx_word' id='word_1_188' title='bbox 1696 1826 1703 1943; x_wconf 95' lang='lat' dir='ltr'> </span> 
     </span>
    </p>
   </div>
   <div class='ocr_carea' id='block_1_10' title="bbox 267 1902 1703 2537">
    <p class='ocr_par' dir='ltr' id='par_1_11' title="bbox 267 1902 1703 2537">
     <span class='ocr_line' id='line_1_34' title="bbox 271 1902 1628 1961; baseline 0.001 -17"><span class='ocrx_word' id='word_1_189' title='bbox 271 1909 350 1952; x_wconf 83' lang='lat' dir='ltr'>est,</span> <span class='ocrx_word' id='word_1_190' title='bbox 387 1917 515 1959; x_wconf 88' lang='lat' dir='ltr'>saepe</span> <span class='ocrx_word' id='word_1_191' title='bbox 556 1918 719 1959; x_wconf 91' lang='lat' dir='ltr'>equum</span> <span class='ocrx_word' id='word_1_192' title='bbox 749 1917 877 1943; x_wconf 89' lang='lat' dir='ltr'>suum</span> <span class='ocrx_word' id='word_1_193' title='bbox 909 1902 1121 1944; x_wconf 81' lang='lat' dir='ltr'>offerente</span> <span class='ocrx_word' id='word_1_194' title='bbox 1151 1903 1425 1961; x_wconf 89' lang='lat' dir='ltr'>Lysimacho,</span> <span class='ocrx_word' id='word_1_195' title='bbox 1455 1920 1537 1946; x_wconf 89' lang='lat' dir='ltr'>nec</span> <span class='ocrx_word' id='word_1_196' title='bbox 1566 1913 1628 1946; x_wconf 86' lang='lat' dir='ltr'>ta-</span> 
     </span>
     <span class='ocr_line' id='line_1_35' title="bbox 270 1973 1624 2032; baseline 0.001 -17"><span class='ocrx_word' id='word_1_197' title='bbox 270 1988 376 2015; x_wconf 84' lang='lat' dir='ltr'>men</span> <span class='ocrx_word' id='word_1_198' title='bbox 405 1980 455 2014; x_wconf 88' lang='lat' dir='ltr'>ut</span> <span class='ocrx_word' id='word_1_199' title='bbox 494 1973 794 2030; x_wconf 76' lang='lat' dir='ltr'>digrederetur</span> <span class='ocrx_word' id='word_1_200' title='bbox 825 1989 847 2016; x_wconf 91' lang='lat' dir='ltr'>a</span> <span class='ocrx_word' id='word_1_201' title='bbox 880 1989 978 2031; x_wconf 77' lang='lat' dir='ltr'>rege</span> <span class='ocrx_word' id='word_1_202' title='bbox 1008 1974 1120 2017; x_wconf 83' lang='lat' dir='ltr'>effici</span> <span class='ocrx_word' id='word_1_203' title='bbox 1159 1977 1317 2032; x_wconf 88' lang='lat' dir='ltr'>potuit,</span> <span class='ocrx_word' id='word_1_204' title='bbox 1356 1991 1458 2017; x_wconf 91' lang='lat' dir='ltr'>cum</span> <span class='ocrx_word' id='word_1_205' title='bbox 1490 1976 1624 2018; x_wconf 87' lang='lat' dir='ltr'>lorica</span> 
     </span>
     <span class='ocr_line' id='line_1_36' title="bbox 269 2046 1685 2104; baseline 0.005 -17"><span class='ocrx_word' id='word_1_206' title='bbox 269 2046 448 2087; x_wconf 87' lang='lat' dir='ltr'>indutus</span> <span class='ocrx_word' id='word_1_207' title='bbox 481 2060 602 2086; x_wconf 90' lang='lat' dir='ltr'>arma</span> <span class='ocrx_word' id='word_1_208' title='bbox 638 2053 836 2102; x_wconf 77' lang='lat' dir='ltr'>gestaret.</span> <span class='ocrx_word' id='word_1_209' title='bbox 906 2047 1044 2096; x_wconf 88' lang='lat' dir='ltr'>Idem,</span> <span class='ocrx_word' id='word_1_210' title='bbox 1083 2063 1185 2089; x_wconf 90' lang='lat' dir='ltr'>cum</span> <span class='ocrx_word' id='word_1_211' title='bbox 1225 2055 1486 2104; x_wconf 88' lang='lat' dir='ltr'>perventum</span> <span class='ocrx_word' id='word_1_212' title='bbox 1518 2057 1685 2094; x_wconf 62' lang='lat' dir='ltr'>essem.-</span> 
     </span>
     <span class='ocr_line' id='line_1_37' title="bbox 269 2118 1624 2175; baseline 0.001 -16"><span class='ocrx_word' id='word_1_213' title='bbox 269 2118 316 2159; x_wconf 92' lang='lat' dir='ltr'>in</span> <span class='ocrx_word' id='word_1_214' title='bbox 357 2118 535 2167; x_wconf 87' lang='lat' dir='ltr'>saltum,</span> <span class='ocrx_word' id='word_1_215' title='bbox 575 2118 620 2160; x_wconf 91' lang='lat' dir='ltr'>in</span> <span class='ocrx_word' id='word_1_216' title='bbox 662 2134 750 2175; x_wconf 88' lang='lat' dir='ltr'>quo</span> <span class='ocrx_word' id='word_1_217' title='bbox 789 2133 834 2160; x_wconf 85' lang='lat' dir='ltr'>se</span> <span class='ocrx_word' id='word_1_218' title='bbox 887 2118 1062 2160; x_wconf 86' lang='lat' dir='ltr'>barbari</span> <span class='ocrx_word' id='word_1_219' title='bbox 1103 2120 1385 2171; x_wconf 86' lang='lat' dir='ltr'>abdiderant,</span> <span class='ocrx_word' id='word_1_220' title='bbox 1429 2121 1624 2161; x_wconf 88' lang='lat' dir='ltr'>nobilem</span> 
     </span>
     <span class='ocr_line' id='line_1_38' title="bbox 270 2189 1625 2248; baseline 0.002 -18"><span class='ocrx_word' id='word_1_221' title='bbox 270 2189 407 2231; x_wconf 90' lang='lat' dir='ltr'>edidit</span> <span class='ocrx_word' id='word_1_222' title='bbox 443 2205 649 2246; x_wconf 77' lang='lat' dir='ltr'>pugnam,</span> <span class='ocrx_word' id='word_1_223' title='bbox 689 2205 924 2248; x_wconf 69' lang='lat' dir='ltr'>regemque</span> <span class='ocrx_word' id='word_1_224' title='bbox 963 2191 1162 2233; x_wconf 90' lang='lat' dir='ltr'>cominus</span> <span class='ocrx_word' id='word_1_225' title='bbox 1200 2208 1300 2233; x_wconf 88' lang='lat' dir='ltr'>cum</span> <span class='ocrx_word' id='word_1_226' title='bbox 1340 2191 1466 2233; x_wconf 86' lang='lat' dir='ltr'>hoste</span> <span class='ocrx_word' id='word_1_227' title='bbox 1500 2192 1625 2233; x_wconf 90' lang='lat' dir='ltr'>dimi-</span> 
     </span>
     <span class='ocr_line' id='line_1_39' title="bbox 271 2262 1686 2320; baseline 0.004 -19"><span class='ocrx_word' id='word_1_228' title='bbox 271 2268 444 2302; x_wconf 88' lang='lat' dir='ltr'>cantem</span> <span class='ocrx_word' id='word_1_229' title='bbox 476 2262 676 2317; x_wconf 83' lang='lat' dir='ltr'>protexit.</span> <span class='ocrx_word' id='word_1_230' title='bbox 740 2262 825 2304; x_wconf 91' lang='lat' dir='ltr'>Sed</span> <span class='ocrx_word' id='word_1_231' title='bbox 855 2271 1087 2320; x_wconf 85' lang='lat' dir='ltr'>postquam</span> <span class='ocrx_word' id='word_1_232' title='bbox 1115 2263 1289 2304; x_wconf 85' lang='lat' dir='ltr'>barbari</span> <span class='ocrx_word' id='word_1_233' title='bbox 1319 2264 1360 2304; x_wconf 90' lang='lat' dir='ltr'>in</span> <span class='ocrx_word' id='word_1_234' title='bbox 1389 2264 1538 2320; x_wconf 81' lang='lat' dir='ltr'>fugam</span> <span class='ocrx_word' id='word_1_235' title='bbox 1569 2265 1686 2314; x_wconf 59' lang='lat' dir='ltr'>‹ef-38</span> 
     </span>
     <span class='ocr_line' id='line_1_40' title="bbox 267 2332 1627 2393; baseline 0.004 -20"><span class='ocrx_word' id='word_1_236' title='bbox 267 2332 350 2374; x_wconf 88' lang='lat' dir='ltr'>fusi</span> <span class='ocrx_word' id='word_1_237' title='bbox 391 2333 619 2374; x_wconf 89' lang='lat' dir='ltr'>deseruere</span> <span class='ocrx_word' id='word_1_238' title='bbox 662 2333 809 2384; x_wconf 79' lang='lat' dir='ltr'>silvas,</span> <span class='ocrx_word' id='word_1_239' title='bbox 851 2335 1042 2386; x_wconf 79' lang='lat' dir='ltr'>animus,</span> <span class='ocrx_word' id='word_1_240' title='bbox 1079 2335 1151 2392; x_wconf 88' lang='lat' dir='ltr'>qui</span> <span class='ocrx_word' id='word_1_241' title='bbox 1193 2336 1237 2376; x_wconf 93' lang='lat' dir='ltr'>in</span> <span class='ocrx_word' id='word_1_242' title='bbox 1268 2338 1424 2377; x_wconf 87' lang='lat' dir='ltr'>ardore</span> <span class='ocrx_word' id='word_1_243' title='bbox 1455 2352 1627 2393; x_wconf 77' lang='lat' dir='ltr'>pugnae</span> 
     </span>
     <span class='ocr_line' id='line_1_41' title="bbox 269 2382 1703 2464; baseline 0.002 -17"><span class='ocrx_word' id='word_1_244' title='bbox 269 2420 430 2462; x_wconf 90' lang='lat' dir='ltr'>corpus</span> <span class='ocrx_word' id='word_1_245' title='bbox 470 2411 806 2455; x_wconf 82' lang='lat' dir='ltr'>sustentaverat,</span> <span class='ocrx_word' id='word_1_246' title='bbox 849 2405 993 2463; x_wconf 83' lang='lat' dir='ltr'>liquit;</span> <span class='ocrx_word' id='word_1_247' title='bbox 1035 2407 1266 2464; x_wconf 76' lang='lat' dir='ltr'>subitoque</span> <span class='ocrx_word' id='word_1_248' title='bbox 1317 2423 1366 2449; x_wconf 83' lang='lat' dir='ltr'>ex</span> <span class='ocrx_word' id='word_1_249' title='bbox 1419 2409 1626 2450; x_wconf 87' lang='lat' dir='ltr'>omnibus</span> <span class='ocrx_word' id='word_1_250' title='bbox 1695 2382 1703 2439; x_wconf 69' lang='lat' dir='ltr'>l</span> 
     </span>
     <span class='ocr_line' id='line_1_42' title="bbox 267 2476 1624 2537; baseline 0.004 -20"><span class='ocrx_word' id='word_1_251' title='bbox 267 2476 480 2518; x_wconf 88' lang='lat' dir='ltr'>membris</span> <span class='ocrx_word' id='word_1_252' title='bbox 515 2477 700 2533; x_wconf 86' lang='lat' dir='ltr'>profuso</span> <span class='ocrx_word' id='word_1_253' title='bbox 739 2477 913 2525; x_wconf 88' lang='lat' dir='ltr'>sudore,</span> <span class='ocrx_word' id='word_1_254' title='bbox 958 2478 1126 2520; x_wconf 89' lang='lat' dir='ltr'>arboris</span> <span class='ocrx_word' id='word_1_255' title='bbox 1160 2479 1384 2535; x_wconf 85' lang='lat' dir='ltr'>proximae</span> <span class='ocrx_word' id='word_1_256' title='bbox 1414 2480 1548 2537; x_wconf 90' lang='lat' dir='ltr'>stipiti</span> <span class='ocrx_word' id='word_1_257' title='bbox 1580 2495 1624 2522; x_wconf 91' lang='lat' dir='ltr'>se</span> 
     </span>
    </p>
   </div>
   <div class='ocr_carea' id='block_1_11' title="bbox 1694 1947 1703 2243">
    <p class='ocr_par' dir='ltr' id='par_1_12' title="bbox 1694 1947 1703 2243">
     <span class='ocr_line' id='line_1_43' title="bbox 1694 1947 1703 2243; textangle 90"><span class='ocrx_word' id='word_1_258' title='bbox 1694 1947 1703 2243; x_wconf 44' lang='lat' dir='ltr'>‚Q—-n—ssu</span> 
     </span>
    </p>
   </div>
   <div class='ocr_carea' id='block_1_12' title="bbox 1695 2245 1703 2376">
    <p class='ocr_par' dir='ltr' id='par_1_13' title="bbox 1695 2245 1703 2376">
     <span class='ocr_line' id='line_1_44' title="bbox 1695 2245 1703 2376; baseline 0 585"><span class='ocrx_word' id='word_1_259' title='bbox 1695 2245 1703 2376; x_wconf 95' lang='lat' dir='ltr'> </span> 
     </span>
    </p>
   </div>
   <div class='ocr_carea' id='block_1_13' title="bbox 1694 2442 1703 2626">
    <p class='ocr_par' dir='ltr' id='par_1_14' title="bbox 1694 2442 1703 2626">
     <span class='ocr_line' id='line_1_45' title="bbox 1694 2442 1703 2626; baseline 0 335"><span class='ocrx_word' id='word_1_260' title='bbox 1694 2442 1703 2626; x_wconf 95' lang='lat' dir='ltr'> </span> 
     </span>
    </p>
   </div>
   <div class='ocr_carea' id='block_1_14' title="bbox 1693 2581 1703 2701">
    <p class='ocr_par' dir='ltr' id='par_1_15' title="bbox 1693 2581 1703 2701">
     <span class='ocr_line' id='line_1_46' title="bbox 1693 2581 1703 2701; textangle 90"><span class='ocrx_word' id='word_1_261' title='bbox 1694 2668 1703 2701; x_wconf 47' lang='lat' dir='ltr'>a-</span> <span class='ocrx_word' id='word_1_262' title='bbox 1693 2625 1703 2660; x_wconf 43' lang='lat' dir='ltr'>a.</span> <span class='ocrx_word' id='word_1_263' title='bbox 1694 2581 1695 2585; x_wconf 59' lang='lat'><em>„</em></span> 
     </span>
    </p>
   </div>
   <div class='ocr_carea' id='block_1_15' title="bbox 264 2639 502 2677">
    <p class='ocr_par' dir='ltr' id='par_1_16' title="bbox 264 2639 502 2677">
     <span class='ocr_line' id='line_1_47' title="bbox 264 2639 502 2677; baseline -0.004 -3"><span class='ocrx_word' id='word_1_264' title='bbox 264 2639 282 2664; x_wconf 77' lang='lat'>¹</span> <span class='ocrx_word' id='word_1_265' title='bbox 310 2641 502 2677; x_wconf 82' lang='lat' dir='ltr'>Oxartem.</span> 
     </span>
    </p>
   </div>
  </div>
 </body>
</html>
