1703 2961
225 80 280 124 48
667 90 723 147 Q.
763 93 967 141 CURTn
996 99 1133 144 ΠΕΡΙ

224 210 309 252 que
346 196 415 238 ille
456 199 670 243 utendum
709 204 866 249 animis
901 209 1006 252 dum
1041 226 1115 268 spe
1139 212 1330 258 calerent
1360 225 1489 270 ratus,
1516 221 1572 264 ad

224 265 381 308 Pelusii
423 271 580 313 ostium
628 283 844 330 penetrat,
889 280 1095 324 simulans
1143 299 1166 324 a
1214 284 1361 330 Dareo
1398 306 1441 332 se
1481 307 1570 334 esse

221 339 523 393 praemissum.
579 344 746 387 Potitus
777 363 878 405 ergo
918 351 1085 404 Pelusii,
1118 355 1349 414 Memphin
1374 365 1387 386 ¹
1423 363 1570 419 copias
1585 382 1635 410 30
1674 354 1678 368 Ι

221 410 462 464 promovit:
495 415 548 457 ad
577 417 696 458 cuius
724 418 891 462 famam
917 423 1126 480 Aegyptii,
1154 441 1260 469 vana
1288 444 1404 486 gens,
1431 441 1474 474 et
1494 450 1571 476 no-
1674 421 1678 434 ‚

220 479 372 522 vandis
411 499 542 539 quam
578 489 775 544 gerendis
811 491 954 547 aptior
991 495 1132 547 rebus,
1169 514 1219 540 ex
1251 500 1336 542 suis
1364 503 1522 560 quique
1547 507 1568 530 ²

219 550 322 593 vicis
356 555 619 614 urbibusque
655 559 740 602 hoc
765 562 945 618 ipsum,³
982 577 1272 618 concurrunt,
1304 573 1359 614 ad
1388 574 1570 618 delenda

218 623 431 678 praesidia
461 628 704 671 Persarum.
765 634 852 688 Qui
878 638 1029 688 territi,
1057 647 1205 682 tamen
1231 657 1354 699 spem
1383 645 1571 687 retinen-

217 693 262 746 ‘di
285 697 308 722 ⁴
343 695 588 755 Aegyptum
628 717 719 744 non
755 705 1006 750 omiserunt.
1032 711 1046 737 5
1117 712 1203 754 Sed
1242 730 1315 757 eos
1339 717 1624 770 Amyntas,3x

215 767 383 822 proelio
415 779 658 826 superatos,
697 775 741 816 in
770 777 924 819 urbem
952 782 1186 837 compellit,
1226 787 1459 844 castrisque
1490 803 1568 845 po-

215 838 305 879 sitis
333 840 519 882 victores
545 844 598 884 ad
628 846 902 902 populandos
935 865 1069 906 agros,
1097 855 1213 896 velut
1241 857 1286 898 in
1315 859 1463 899 medio
1489 874 1567 915 po-

215 910 339 962 sitos,
391 911 585 954 hostiurn
624 917 770 959 cuncti
808 920 1057 976 agebantur.
1084 923 1106 948 ⁶
1170 930 1324 984 ltaque
1353 929 1628 981 Mazaces,32

215 997 485 1040 quamquam
533 986 691 1030 infelici
731 991 900 1046 proelio
946 1008 1126 1037 suorum
1175 1000 1344 1042 animos
1389 1002 1564 1045 territos

214 1068 305 1094 esse
347 1067 621 1112 cognoverat,
659 1068 807 1104 tamen
848 1064 1042 1120 palantes
1083 1076 1126 1108 et
1160 1070 1366 1114 victoriae
1405 1071 1563 1116 fiducia

213 1124 412 1168 incautos
455 1137 695 1183 ostentans,
745 1136 936 1191 perpulit
979 1153 1035 1178 ne
1075 1139 1325 1184 dubitarent
1371 1159 1421 1185 ex
1454 1145 1562 1186 urbe

213 1211 464 1254 erumpere,
506 1208 549 1242 et
584 1217 651 1244 res
689 1205 863 1247 amissas
898 1222 1171 1264 recuperare.
1248 1214 1297 1255 ld
1337 1215 1625 1262 consilium33

209 1283 303 1308 non
332 1270 499 1312 ratione
528 1274 799 1328 prudentius,
826 1293 956 1333 quam
989 1290 1144 1324 eventu
1174 1283 1340 1327 felicius
1370 1286 1470 1327 suit:
1510 1288 1566 1330 ad

209 1353 348 1380 unum
379 1356 531 1383 omnes
558 1359 659 1385 cum
686 1346 778 1402 ipso
810 1350 920 1392 duce
952 1354 1082 1394 occisi
1112 1364 1222 1396 sunt.
1284 1358 1371 1398 llas
1401 1374 1565 1415 poenas

207 1410 422 1464 Amyntas
452 1415 624 1472 utrique
651 1418 738 1475 regi
773 1420 906 1470 dedit,
936 1423 1071 1465 nihilo
1104 1425 1238 1483 magis
1269 1427 1320 1475 ei,
1353 1430 1406 1470 ad
1433 1446 1564 1486 quem

207 1483 510 1540 transfugerat,
542 1487 666 1536 fidus,
699 1506 830 1547 quam
854 1493 911 1534 illi
932 1511 1063 1551 quem
1097 1497 1358 1542 deseruerat.

289 1583 422 1626 Darei
451 1595 688 1643 praetores,
724 1592 796 1648 qui
824 1594 992 1649 proelio
1029 1598 1146 1651 apud
1185 1600 1306 1640 Isson
1339 1602 1559 1657 supersue-
1574 1622 1622 1650 34

203 1662 315 1706 rant,
356 1673 458 1698 cum
499 1661 620 1701 omni
654 1678 810 1713 manu,
860 1681 970 1721 quae
1009 1667 1220 1723 fugientes
1259 1679 1405 1714 secuta
1455 1683 1559 1723 erat,

204 1736 426 1784 assumpta
456 1731 588 1772 etiam
619 1731 939 1790 Cappadocum
977 1745 1020 1778 et
1047 1739 1376 1796 Paphlagonum
1417 1744 1560 1786 iuven-

202 1805 309 1847 tute,
339 1799 523 1852 Lydiam
554 1818 816 1861 recuperare
847 1809 1090 1850 tentabant.
1149 1813 1404 1869 Antigonus,
1435 1832 1616 1873 prae-35

201 1876 274 1910 tor
300 1870 547 1921 Alexandri,
586 1874 749 1932 Lydiae
778 1888 998 1934 praeerat:
1035 1882 1122 1938 qui,
1162 1900 1430 1943 quamquam
1469 1889 1558 1945 ple-

199 1955 358 1998 rosque
396 1944 586 1986 militum
621 1963 670 1988 ex
701 1949 924 2004 praesidiis
963 1952 1017 1993 ad
1045 1968 1192 2010 regem
1224 1957 1456 2011 dimiserat,
1494 1968 1556 2002 ta·-

199 2028 303 2054 men
334 2014 528 2058 barbaris
569 2021 736 2075 spretis,
775 2021 821 2062 in
862 2022 1000 2063 aciem
1030 2041 1130 2066 suos
1162 2028 1319 2071 eduxit.
1382 2033 1553 2075 Eadem

197 2084 282 2127 illic
314 2102 488 2144 quoque
513 2088 690 2132 fortuna
722 2095 912 2149 partium
943 2094 1045 2136 suit:
1084 2098 1220 2141 trihus
1256 2102 1431 2158 proeliis
1470 2105 1550 2145 alia

198 2164 329 2214 atque
355 2159 435 2200 alia
465 2161 641 2217 regione
673 2166 926 2218 commissis,
957 2168 1111 2210 Persae
1148 2170 1403 2214 [unduntur.
1467 2174 1620 2224 Ilo-30·

1447 2246 1550 2287 dem

198 2352 217 2376 1
258 2353 488 2400 Memphim.
697 2358 719 2385 2
755 2361 926 2407 quisque.
1131 2365 1152 2396 3
1196 2366 1253 2400 ad
1298 2366 1374 2402 hoe
1408 2369 1545 2416 ipsum.

286 2409 308 2439 4
333 2409 550 2444 obtinendi.
751 2416 772 2442 5
800 2417 1015 2451 amiserunt.
1187 2420 1209 2444 ⁶
1231 2422 1290 2455 Dc
1313 2425 1547 2467 coniectura,

288 2461 410 2497 codd.
437 2464 569 2509 positis
595 2465 652 2500 dis
679 2466 848 2503 hostium
877 2479 1024 2505 cuncta.
1078 2473 1188 2519 Vulg.
1217 2476 1377 2509 victores
1408 2477 1454 2509 nd
1478 2489 1548 2522 po-

287 2515 477 2559 pulandos
521 2530 626 2563 agros
671 2522 865 2563 eduxit,
915 2536 968 2558 ac
1019 2527 1122 2560 velut
1165 2528 1207 2560 in
1247 2530 1374 2562 medio
1413 2531 1546 2576 positis

288 2569 466 2604 omnibus
493 2571 661 2607 hostium
688 2584 828 2610 cuncta
863 2579 1082 2625 agebantur.
