1703 2961
396 103 478 144 DE
500 101 710 145 GESTlS
740 101 909 142 ALEX.
939 101 1034 152 vu,
1070 99 1137 146 24.
1365 101 1447 142 223

88 215 242 273 inquit,
279 226 325 257 ec
363 217 575 263 Dareum,
613 229 734 268 reges
771 229 901 263 meos,
947 215 1078 262 ultus,
1125 209 1447 271 interfectorem

87 291 256 330 domini
289 291 359 329 sui
395 289 581 335 adduxi,
612 302 660 329 eo
689 289 816 329 modo
846 298 1036 341 captum,
1068 291 1187 328 cuius
1218 291 1313 342 ipse
1325 284 1448 345 fecit

84 363 338 415 exemplum.
388 362 576 414 Aperiat
605 361 662 400 ad
677 363 756 401 hoc
773 361 1064 414 spectaculum
1094 362 1240 401 oculos
1253 363 1444 401 Dareus.

81 436 274 476 Exiscac
295 435 347 474 ab
377 430 544 490 inferis,
575 435 652 487 qui
680 435 757 474 illo
785 434 1003 487 supplicio
1031 434 1237 486 indignus
1253 431 1370 490 fuit,
1400 443 1445 472 ec

29 509 159 549 whoc
187 508 348 548 solacio
379 507 540 558 dignus
568 517 647 546 esc.
690 504 947 555 Alexander,
975 504 1166 546 multum
1195 504 1443 546 collaudato

82 578 349 634 Spitamene,
391 591 623 618 conversus
663 575 717 615 ad
756 578 947 625 Bessum,
991 578 1133 626 Cuius,
1171 576 1332 633 inquit,
1368 573 1443 635 se-

81 667 156 691 rae
185 651 327 691 rabies
363 652 597 704 occupavit:
641 650 827 689 animum
862 658 994 699 tuum,
1023 667 1118 692 cum
1146 666 1286 704 regem
1317 652 1371 691 de
1399 661 1444 691 ce

82 726 247 778 optime
284 725 481 764 meritum
519 724 644 776 prius
683 724 865 770 vincire,
903 725 1061 764 deinde
1091 726 1286 766 occidere
1314 727 1444 765 susci-

79 798 218 838 unisti
227 799 247 837 ?
303 796 390 837 Sed
423 797 550 835 huius
591 798 831 850 parricidii
879 799 1112 838 mercedem
1148 795 1276 855 salso
1326 801 1444 852 regis

24 881 63 914 39
78 871 247 912 nomine
281 869 552 923 persolvisti.
631 867 694 908 lbi
733 868 800 909 ille
837 867 1009 910 facinus
1037 884 1223 926 purgare
1253 885 1346 911 non
1371 886 1444 911 au-

78 957 161 993 sus,
189 940 298 998 regis
334 940 513 981 titulum
553 955 597 982 se
637 954 847 996 usurpare
884 941 1000 990 dixit,
1031 949 1080 981 ut
1109 949 1286 998 gentem
1317 958 1443 984 suam

75 1013 249 1056 tradere
275 1012 354 1069 ipsi
377 1011 530 1068 possit:
563 1011 681 1069 quisi
704 1020 921 1063 cessasset,
949 1012 1082 1053 alium
1111 1013 1242 1055 fuisse
1256 1012 1441 1070 regnum

21 1101 70 1130 ao
83 1092 417 1140 occupaturum.
481 1084 572 1126 Et¹
626 1084 873 1126 Alexander
924 1084 1166 1137 Oxathren,
1185 1089 1206 1112 ²
1256 1086 1441 1129 fratrem

75 1157 224 1204 Darei,
255 1170 388 1213 quem
418 1155 535 1197 inter
563 1155 762 1212 corporis
792 1157 994 1198 custodes
1025 1157 1231 1209 hahebat,
1262 1161 1442 1217 propius

75 1229 195 1271 iussit
226 1227 455 1279 accedere,
493 1228 696 1284 tradique
733 1228 915 1269 Bessum
955 1227 1004 1279 ei,
1036 1236 1086 1270 ut
1113 1231 1232 1273 cruci
1262 1232 1441 1275 affixum

76 1300 284 1343 mutilatis
318 1300 494 1341 auribus
521 1299 787 1357 naribusque
828 1301 990 1356 sagittis
1032 1301 1303 1359 configerent
1341 1307 1440 1348 bar-

75 1373 192 1424 bari,
234 1379 590 1428 asservarentque
630 1386 802 1427 corpuS,
835 1380 882 1413 ut
911 1388 967 1413 ne
996 1389 1093 1415 aves
1123 1377 1304 1432 quidem
1335 1396 1441 1422 con-

17 1462 59 1488 41
75 1447 305 1504 tingerent.
366 1444 584 1487 Oxathres
620 1451 766 1486 cetera
796 1444 876 1485 sibi
905 1459 1035 1486 curae
1063 1445 1161 1488 fore
1187 1450 1440 1505 pollicetur:

76 1533 174 1560 aves
211 1533 303 1558 non
340 1517 394 1558 ab
427 1516 532 1566 alio,
574 1531 709 1574 quam
753 1531 781 1556 *a
812 1515 1002 1567 Catene,
1045 1533 1171 1574 posse
1210 1523 1439 1579 prohiberi

26 1607 29 1614 ‘
75 1589 238 1638 adiicit,
274 1589 478 1630 eximiam
518 1588 609 1629 eius
643 1595 785 1628 artem
825 1588 1006 1644 cupiens
1037 1592 1287 1635 ostendere:
1315 1612 1441 1638 nam-

75 1677 160 1719 que
193 1661 302 1702 adeo
347 1667 469 1702 certo
512 1660 604 1702 ictu
644 1659 857 1700 destinata
897 1660 1094 1711 feriebat,
1126 1671 1175 1704 ut
1206 1680 1303 1708 aves
1332 1685 1439 1726 quo-

39 1729 158 1791 2que
189 1732 420 1788 exciperet.
485 1732 603 1774 Nam
640 1731 704 1772 si³
739 1731 923 1773 forsitan
952 1735 1218 1790 sagittandi4
1249 1747 1343 1782 tam
1371 1759 1439 1784 ce-

74 1804 182 1847 lebri
222 1819 304 1845 usu
348 1804 494 1846 minus
530 1804 795 1845 admirabilis
836 1805 970 1847 videri
1009 1823 1077 1849 ars
1109 1809 1250 1853 haec5
1284 1815 1436 1869 possit,

72 1878 256 1919 tamen6
300 1877 450 1933 ingens
491 1877 728 1918 visentibus
763 1877 1039 1928 miraculum,
1083 1897 1333 1942 magnoque
1358 1887 1437 1929 ho-

11 1968 60 1997 ⁴3
74 1952 172 1992 nori
202 1948 357 1990 Cateni
387 1949 484 1990 fuit.
545 1949 675 1990 Dona
712 1949 868 1991 deinde
900 1953 1119 2001 omnibus,
1150 1955 1222 2012 qui
1250 1959 1435 2003 Bessum

72 2021 354 2071 adduxerant,
386 2021 486 2061 data
524 2028 639 2065 sunt.
707 2020 918 2063 Ceterum
954 2026 1217 2082 supplicium
1253 2030 1343 2071 eius
1375 2033 1436 2074 di-

72 2094 200 2143 stulit,
231 2100 281 2134 ut
311 2108 363 2133 eo
390 2093 504 2143 loco,
544 2092 589 2134 in
619 2108 706 2149 quo
738 2095 938 2136 Dareum
969 2098 1057 2153 ipse
1091 2100 1330 2151 occiderat,
1361 2121 1435 2146 ne-

39 2182 42 2189 ·
73 2172 258 2207 caretur.

152 2238 322 2278 Interea
349 2235 629 2286 Macedones,
663 2237 718 2278 ad
754 2239 996 2295 petendum
1025 2242 1237 2296 pabulum
1264 2245 1494 2296 incom-25

68 2308 212 2363 posito
236 2307 407 2365 agmine
428 2309 594 2364 egressi,
620 2325 642 2350 a
671 2310 880 2361 barbaris,
904 2314 976 2370 qui
997 2315 1049 2355 de
1068 2318 1279 2372 proximis
1301 2336 1428 2363 mon-

67 2379 184 2420 tibus
218 2381 520 2432 decurrerunt,
553 2382 889 2438 opprimuntur,
919 2385 1151 2445 pluresque
1182 2393 1296 2447 capti
1326 2402 1428 2436 sunt

72 2552 87 2578 Ι
111 2555 170 2588 At.
264 2555 284 2579 ²
309 2556 532 2592 Oxathaeem.
613 2557 632 2588 3
660 2558 741 2592 etsi.
817 2561 839 2590 4
867 2572 918 2594 ex
942 2562 1090 2598 emend.
1119 2565 1240 2600 Codd.
1266 2568 1423 2615 sagittis.

155 2608 176 2637 5
203 2607 301 2642 haec
326 2621 396 2644 ars.
599 2611 620 2637 ⁶
646 2611 767 2647 codd.
794 2620 888 2648 tum.
