1703 2961
395 89 477 130 DE
524 87 733 132 GES'rlS
770 88 938 132 ALEX.
969 90 1064 140 vn,
1090 89 1130 131 3.
1355 87 1438 129 203

94 204 247 245 cientis
271 214 315 244 et
330 199 543 262 fatigati,
572 204 644 244 vel
670 205 715 244 in
744 206 835 244 acie
860 205 1168 258 periclitantis,
1197 203 1270 244 vel
1298 203 1344 242 in
1377 210 1440 241 ta-

93 276 313 317 bernaculo
348 280 471 331 aegri
504 288 548 318 et
587 278 762 318 vulnera
789 279 990 323 curantis,
1023 279 1173 332 aliqua
1200 290 1292 317 vox
1321 289 1450 328 aspeq

90 346 181 389 rior
210 361 322 391 esset
353 362 540 406 accepta,
571 367 853 392 merueramus
865 347 1062 408 sortibus
1074 347 1239 407 sactis,
1269 358 1318 389 ut
1342 346 1440 394 mal-

31 419 151 464 23les
191 443 240 467 ea
278 431 466 481 tempori
500 438 648 469 nostro
685 428 921 479 imputare,
956 440 1080 480 quam
1117 423 1271 462 animo.
1336 419 1442 460 Cum!

85 504 196 558 ⁴quid
236 504 400 543 accidit
442 505 629 550 tristius,
671 516 814 542 omnes
844 502 909 539 rei
935 508 1055 539 sunt:
1092 493 1341 549 corporibus
1369 506 1439 532 no-

88 578 208 624 stris,
238 592 345 632 quae
369 577 517 630 utique
537 591 621 617 non
651 577 833 623 odimus,
861 569 1047 629 ilffestas
1062 571 1338 610 admovemus
1356 581 1441 605 ma·

50 663 59 681 ὲ
87 665 190 690 nus.-
216 661 418 704 parentes
451 650 599 690 liberis
626 653 668 691 si
695 659 932 695 occurrant,
963 657 1008 688 et
1038 644 1206 698 ingrati
1232 651 1276 693 ct
1303 641 1442 681 invisi

86 733 198 764 sunt.
273 725 462 766 Contra¹
508 740 602 764 cum
639 726 766 766 donis
803 725 1070 768 honoramur,
1107 733 1199 759 cum
1234 714 1441 769 praemiis

89 800 235 838 onusti
273 801 546 847 revertimur,
581 801 678 855 quis
701 795 829 856 ferre
867 813 938 839 nos
976 796 1149 849 potest?
1186 792 1284 847 quis
1319 789 1441 828 illam

27 877 72 902 2⁴
86 874 324 930 animorum
360 875 635 915 alacritatem
674 874 919 915 continere?
953 869 1248 910 Militantium
1276 878 1350 904 nec
1379 863 1440 900 in-

83 950 299 1000 dignatio,
339 966 410 990 nec
449 951 624 991 laetitia
662 950 889 990 moderata
924 954 1003 984 est.
1063 943 1135 983 Ad
1166 954 1307 981 omnes
1337 934 1440 993 affe-

51 1037 54 1040 ·
85 1033 180 1064 ctus
217 1026 382 1078 impetu
421 1026 628 1078 rapimur.
701 1024 1023 1076 Vituperamus,
1050 1018 1291 1060 laudamus,
1320 1013 1442 1051 mise-

84 1112 234 1145 remur,
283 1100 521 1143 irascimur,
569 1108 779 1153 utcunque
826 1111 1029 1150 praesens
1068 1093 1210 1133 movit
1236 1086 1439 1145 affectio:

84 1172 208 1211 modo
240 1173 412 1212 Indiam
436 1173 558 1211 adire
590 1182 634 1212 et
665 1173 878 1212 Oceanum
912 1168 1032 1216 libet,
1058 1169 1185 1208 modo
1213 1164 1440 1214 coniugum

23 1237 66 1265 ²⁵
83 1253 127 1283 et
151 1244 384 1284 liberorum
409 1247 662 1300 patriaeque
693 1246 895 1285 memoria
918 1245 1114 1283 occurrit.
1161 1241 1246 1282 Sed
1270 1240 1347 1278 has
1373 1252 1441 1278 co-

81 1319 336 1369 gitationes,
378 1321 460 1359 has
495 1321 609 1360 inter
643 1335 689 1359 se
726 1320 1054 1372 colloquentium
1094 1330 1236 1362 voces,
1269 1315 1440 1366 signum

85 1391 190 1431 tuba
220 1392 371 1432 datum
401 1391 534 1447 finit:
566 1395 612 1433 in
640 1391 741 1433 snos'
775 1395 952 1448 quisque
979 1391 1184 1432 ordines²
1217 1390 1439 1435 currimus,

82 1475 126 1504 et
163 1466 368 1519 quicquid
407 1467 567 1505 irarum
608 1468 653 1506 in
693 1466 967 1506 tabernaculo
1007 1473 1254 1516 conceptum
1290 1471 1358 1502 est
1395 1462 1442 1501 in

83 1539 272 1578 hostium
312 1536 555 1595 effunditur
594 1542 760 1594 capita.
834 1541 1012 1580 Utinam
1047 1538 1253 1578 Philotas
1276 1550 1441 1592 quoque

20 1619 67 1649 26
83 1613 203 1651 intra
232 1612 366 1651 verba
393 1617 643 1665 peccasset!
699 1614 892 1654 Proinde
929 1614 990 1652 ad
1029 1614 1078 1652 id
1105 1621 1314 1659 revertar,
1343 1624 1441 1664 pro·

80 1694 181 1738 pter
207 1686 324 1739 quod
353 1688 417 1725 rei
444 1701 600 1726 sumus.

161 1750 430 1807 Amicitiam,
459 1773 568 1813 qnae
598 1759 722 1800 nobis
750 1775 841 1799 cum
871 1761 1056 1801 Philota
1070 1757 1186 1819 ficit,
1218 1761 1327 1800 adeo
1358 1770 1441 1798 non

80 1845 128 1870 eo
159 1829 343 1887 infitias,
371 1842 422 1872 ut
449 1836 668 1885 expetisse
705 1849 871 1889 qnoque
898 1849 988 1881 nos,
1019 1849 1278 1889 magnosque
1307 1849 1362 1874 eoc-
1391 1846 1439 1873 eo

21 1900 250 1960 27f'ructus
286 1905 562 1958 percepisse³
604 1906 825 1964 confitear.
893 1910 962 1948 An
988 1924 1093 1949 vero
1125 1909 1440 1954 Parmenionis,

82 1993 203 2032 quem
235 1978 320 2018 tibi
344 1981 591 2032 proximum
617 1997 706 2021 esse
730 1982 927 2030 voluisti,
941 1981 1102 2039 filium,
1135 1997 1277 2022 omnes
1305 1996 1441 2034 paene

83 2052 246 2090 amicos
276 2060 375 2091 tuos
405 2053 661 2104 dignatione
698 2057 952 2102 vincentem,
982 2057 1140 2095 cultum
1171 2072 1198 2095 a
1227 2055 1351 2096 nohis
1380 2070 1440 2094 es—

22 2129 68 2157 28
83 2137 129 2162 se
158 2125 360 2164 miraris?
395 2127 454 2165 Tu
483 2127 659 2174 hercule,
689 2130 730 2167 si
747 2144 894 2168 verum
925 2131 1078 2169 auclire
1095 2131 1179 2175 vis,
1208 2144 1297 2175 rex,
1316 2130 1444 2168 huius

80 2195 204 2235 nobis
232 2198 417 2247 periculi
453 2215 497 2238 es
532 2214 675 2241 causa.
693 2203 714 2227 4
778 2203 889 2265 Quis
918 2204 1028 2242 enim
1058 2204 1174 2242 alins
1203 2200 1364 2259 effecit,
1393 2211 1444 2242 ut

83 2267 142 2305 ad
171 2268 395 2310 Philotam
425 2273 699 2313 decurrerent
727 2277 802 2329 qui
827 2276 997 2328 placere
1034 2277 1196 2317 vellent
1217 2276 1330 2316 tibi?
1375 2275 1442 2316 Ab

86 2446 104 2470 1
131 2446 255 2482 abest.
488 2452 509 2477 2
537 2453 691 2487 ordines
720 2455 893 2499 quisque.
1136 2454 1153 2484 3
1191 2454 1323 2491 Verba
1351 2454 1444 2487 haec

175 2512 329 2546 quoque
381 2518 462 2548 nos,
494 2519 731 2553 magnosque
759 2520 805 2541 ex
830 2521 875 2542 eo
895 2508 1039 2542 fructus
1057 2509 1275 2554 percepisse.
1290 2510 1330 2541 in
1347 2506 1441 2540 edic.

147 2592 149 2595 .
174 2555 489 2593 Freinshemiana
514 2569 555 2595 ec
581 2561 687 2594 illius
714 2562 1014 2607 rcpcticzonibus
1040 2561 1282 2596 exciderunt.
1322 2562 1446 2594 4cau·

170 2619 210 2641 sa
237 2620 287 2643 es.
