<?xml version="1.0" encoding="UTF-8"?>
<!DOCTYPE html PUBLIC "-//W3C//DTD XHTML 1.0 Transitional//EN"
    "http://www.w3.org/TR/xhtml1/DTD/xhtml1-transitional.dtd">
<html xmlns="http://www.w3.org/1999/xhtml" xml:lang="en" lang="en">
 <head>
  <title>
</title>
<meta http-equiv="Content-Type" content="text/html;charset=utf-8" />
  <meta name='ocr-system' content='tesseract 3.04.00' />
  <meta name='ocr-capabilities' content='ocr_page ocr_carea ocr_par ocr_line ocrx_word'/>
</head>
<body>
  <div class='ocr_page' id='page_1' title='image "./degestisalexandr00curtuoft_0012.png"; bbox 0 0 1703 2961; ppageno 0'>
   <div class='ocr_carea' id='block_1_1' title="bbox 246 111 1153 160">
    <p class='ocr_par' dir='ltr' id='par_1_1' title="bbox 246 111 1153 160">
     <span class='ocr_line' id='line_1_1' title="bbox 246 111 1153 160; baseline -0.001 -1"><span class='ocrx_word' id='word_1_1' title='bbox 246 123 279 151; x_wconf 83' lang='lat'>¹</span> <span class='ocrx_word' id='word_1_2' title='bbox 689 111 1153 160; x_wconf 83' lang='lat' dir='ltr'><strong>PRAEFATIO.</strong></span> 
     </span>
    </p>
   </div>
   <div class='ocr_carea' id='block_1_2' title="bbox 244 232 1606 685">
    <p class='ocr_par' dir='ltr' id='par_1_2' title="bbox 244 232 1606 685">
     <span class='ocr_line' id='line_1_2' title="bbox 244 232 1600 296; baseline 0.001 -17"><span class='ocrx_word' id='word_1_3' title='bbox 244 232 392 291; x_wconf 78' lang='lat' dir='ltr'>fecit,</span> <span class='ocrx_word' id='word_1_4' title='bbox 427 246 482 280; x_wconf 89' lang='lat' dir='ltr'>ut</span> <span class='ocrx_word' id='word_1_5' title='bbox 515 234 747 280; x_wconf 85' lang='lat' dir='ltr'>homines</span> <span class='ocrx_word' id='word_1_6' title='bbox 782 249 967 280; x_wconf 91' lang='lat' dir='ltr'>novam</span> <span class='ocrx_word' id='word_1_7' title='bbox 1010 236 1154 296; x_wconf 81' lang='lat' dir='ltr'>quasi</span> <span class='ocrx_word' id='word_1_8' title='bbox 1190 235 1358 280; x_wconf 89' lang='lat' dir='ltr'>lucem</span> <span class='ocrx_word' id='word_1_9' title='bbox 1391 234 1600 281; x_wconf 86' lang='lat' dir='ltr'>admira-</span> 
     </span>
     <span class='ocr_line' id='line_1_3' title="bbox 246 298 1601 361; baseline 0.001 -18"><span class='ocrx_word' id='word_1_10' title='bbox 246 310 420 344; x_wconf 85' lang='lat' dir='ltr'>rentur</span> <span class='ocrx_word' id='word_1_11' title='bbox 456 301 646 360; x_wconf 89' lang='lat' dir='ltr'>potius,</span> <span class='ocrx_word' id='word_1_12' title='bbox 695 315 848 361; x_wconf 92' lang='lat' dir='ltr'>quam</span> <span class='ocrx_word' id='word_1_13' title='bbox 882 311 1236 360; x_wconf 85' lang='lat' dir='ltr'>sequerentur,</span> <span class='ocrx_word' id='word_1_14' title='bbox 1275 298 1505 361; x_wconf 82' lang='lat' dir='ltr'>adeoque</span> <span class='ocrx_word' id='word_1_15' title='bbox 1547 315 1601 344; x_wconf 92' lang='lat' dir='ltr'>o-</span> 
     </span>
     <span class='ocr_line' id='line_1_4' title="bbox 245 363 1602 427; baseline 0.001 -19"><span class='ocrx_word' id='word_1_16' title='bbox 245 379 388 409; x_wconf 89' lang='lat' dir='ltr'>mnes</span> <span class='ocrx_word' id='word_1_17' title='bbox 402 363 652 410; x_wconf 84' lang='lat' dir='ltr'>veteribus</span> <span class='ocrx_word' id='word_1_18' title='bbox 673 363 954 427; x_wconf 74' lang='lat' dir='ltr'><strong>glandibus,</strong></span> <span class='ocrx_word' id='word_1_19' title='bbox 979 379 1103 425; x_wconf 84' lang='lat' dir='ltr'>quas</span> <span class='ocrx_word' id='word_1_20' title='bbox 1126 376 1343 410; x_wconf 83' lang='lat' dir='ltr'>vetustas</span> <span class='ocrx_word' id='word_1_21' title='bbox 1366 367 1507 425; x_wconf 87' lang='lat' dir='ltr'>quasi</span> <span class='ocrx_word' id='word_1_22' title='bbox 1527 380 1602 410; x_wconf 86' lang='lat' dir='ltr'>sa-</span> 
     </span>
     <span class='ocr_line' id='line_1_5' title="bbox 246 428 1602 490; baseline 0.001 -17"><span class='ocrx_word' id='word_1_23' title='bbox 246 440 491 486; x_wconf 87' lang='lat' dir='ltr'>craverat,</span> <span class='ocrx_word' id='word_1_24' title='bbox 533 444 688 489; x_wconf 86' lang='lat' dir='ltr'>quam</span> <span class='ocrx_word' id='word_1_25' title='bbox 726 431 869 475; x_wconf 90' lang='lat' dir='ltr'>novis</span> <span class='ocrx_word' id='word_1_26' title='bbox 911 428 1137 490; x_wconf 76' lang='lat' dir='ltr'>frugibus</span> <span class='ocrx_word' id='word_1_27' title='bbox 1183 432 1254 474; x_wconf 89' lang='lat' dir='ltr'>uti</span> <span class='ocrx_word' id='word_1_28' title='bbox 1303 430 1602 486; x_wconf 88' lang='lat' dir='ltr'>maluerunt,</span> 
     </span>
     <span class='ocr_line' id='line_1_6' title="bbox 245 493 1601 555; baseline 0.001 -17"><span class='ocrx_word' id='word_1_29' title='bbox 245 505 302 538; x_wconf 91' lang='lat' dir='ltr'>ut</span> <span class='ocrx_word' id='word_1_30' title='bbox 332 509 400 539; x_wconf 92' lang='lat' dir='ltr'>ne</span> <span class='ocrx_word' id='word_1_31' title='bbox 431 495 803 540; x_wconf 85' lang='lat' dir='ltr'>Freinshemius</span> <span class='ocrx_word' id='word_1_32' title='bbox 838 493 1042 555; x_wconf 88' lang='lat' dir='ltr'>quidem</span> <span class='ocrx_word' id='word_1_33' title='bbox 1088 507 1137 539; x_wconf 87' lang='lat' dir='ltr'>et</span> <span class='ocrx_word' id='word_1_34' title='bbox 1173 494 1601 554; x_wconf 81' lang='lat' dir='ltr'>Snakenburgius,</span> 
     </span>
     <span class='ocr_line' id='line_1_7' title="bbox 246 559 1603 620; baseline 0.001 -17"><span class='ocrx_word' id='word_1_35' title='bbox 246 559 340 604; x_wconf 90' lang='lat' dir='ltr'>etsi</span> <span class='ocrx_word' id='word_1_36' title='bbox 366 561 568 619; x_wconf 90' lang='lat' dir='ltr'>utrique</span> <span class='ocrx_word' id='word_1_37' title='bbox 606 572 656 605; x_wconf 92' lang='lat' dir='ltr'>et</span> <span class='ocrx_word' id='word_1_38' title='bbox 683 560 805 606; x_wconf 87' lang='lat' dir='ltr'>huic</span> <span class='ocrx_word' id='word_1_39' title='bbox 837 559 1044 620; x_wconf 88' lang='lat' dir='ltr'>quidem</span> <span class='ocrx_word' id='word_1_40' title='bbox 1076 561 1358 620; x_wconf 81' lang='lat' dir='ltr'>praecipue</span> <span class='ocrx_word' id='word_1_41' title='bbox 1380 561 1603 620; x_wconf 82' lang='lat' dir='ltr'>contige-</span> 
     </span>
     <span class='ocr_line' id='line_1_8' title="bbox 245 623 1606 685; baseline 0.001 -18"><span class='ocrx_word' id='word_1_42' title='bbox 245 634 348 681; x_wconf 88' lang='lat' dir='ltr'>rat,</span> <span class='ocrx_word' id='word_1_43' title='bbox 384 635 441 669; x_wconf 91' lang='lat' dir='ltr'>ut</span> <span class='ocrx_word' id='word_1_44' title='bbox 473 624 728 685; x_wconf 86' lang='lat' dir='ltr'>praesidia</span> <span class='ocrx_word' id='word_1_45' title='bbox 761 623 824 670; x_wconf 91' lang='lat' dir='ltr'>ad</span> <span class='ocrx_word' id='word_1_46' title='bbox 853 638 1028 669; x_wconf 88' lang='lat' dir='ltr'>verum</span> <span class='ocrx_word' id='word_1_47' title='bbox 1057 624 1418 669; x_wconf 85' lang='lat' dir='ltr'>inveniendum</span> <span class='ocrx_word' id='word_1_48' title='bbox 1452 625 1606 669; x_wconf 90' lang='lat' dir='ltr'>etiam</span> 
     </span>
    </p>
   </div>
   <div class='ocr_carea' id='block_1_3' title="bbox 243 687 1605 800">
    <p class='ocr_par' dir='ltr' id='par_1_3' title="bbox 243 687 1605 800">
     <span class='ocr_line' id='line_1_9' title="bbox 243 687 1605 800; baseline 0.001 -67"><span class='ocrx_word' id='word_1_49' title='bbox 243 687 502 800; x_wconf 56' lang='lat' dir='ltr'>Mqldianis</span> <span class='ocrx_word' id='word_1_50' title='bbox 537 691 907 751; x_wconf 80' lang='lat' dir='ltr'>praestantiora</span> <span class='ocrx_word' id='word_1_51' title='bbox 947 691 1386 748; x_wconf 80' lang='lat' dir='ltr'>nanciscerentur,</span> <span class='ocrx_word' id='word_1_52' title='bbox 1422 703 1605 750; x_wconf 85' lang='lat' dir='ltr'>sapere</span> 
     </span>
     <span class='ocr_line' id='line_1_10' title="bbox 246 766 507 799; baseline 0 -1"><span class='ocrx_word' id='word_1_53' title='bbox 246 768 311 799; x_wconf 87' lang='lat' dir='ltr'>au</span> <span class='ocrx_word' id='word_1_54' title='bbox 350 766 507 799; x_wconf 89' lang='lat' dir='ltr'>erent.</span> 
     </span>
    </p>
   </div>
   <div class='ocr_carea' id='block_1_4' title="bbox 243 817 1625 2649">
    <p class='ocr_par' dir='ltr' id='par_1_4' title="bbox 243 817 1625 2649">
     <span class='ocr_line' id='line_1_11' title="bbox 378 817 1608 881; baseline -0.003 -16"><span class='ocrx_word' id='word_1_55' title='bbox 378 818 479 865; x_wconf 87' lang='lat' dir='ltr'>Sed</span> <span class='ocrx_word' id='word_1_56' title='bbox 520 820 711 875; x_wconf 90' lang='lat' dir='ltr'>senti0,</span> <span class='ocrx_word' id='word_1_57' title='bbox 762 830 820 865; x_wconf 92' lang='lat' dir='ltr'>ut</span> <span class='ocrx_word' id='word_1_58' title='bbox 861 819 1191 881; x_wconf 76' lang='lat' dir='ltr'>intelligatur,</span> <span class='ocrx_word' id='word_1_59' title='bbox 1241 817 1364 879; x_wconf 88' lang='lat' dir='ltr'>quid</span> <span class='ocrx_word' id='word_1_60' title='bbox 1404 833 1483 863; x_wconf 89' lang='lat' dir='ltr'>res</span> <span class='ocrx_word' id='word_1_61' title='bbox 1530 817 1608 874; x_wconf 88' lang='lat' dir='ltr'>sit,</span> 
     </span>
     <span class='ocr_line' id='line_1_12' title="bbox 244 881 1609 943; baseline -0.001 -14"><span class='ocrx_word' id='word_1_62' title='bbox 244 881 365 929; x_wconf 86' lang='lat' dir='ltr'>inde</span> <span class='ocrx_word' id='word_1_63' title='bbox 395 884 520 930; x_wconf 84' lang='lat' dir='ltr'>mihi</span> <span class='ocrx_word' id='word_1_64' title='bbox 552 882 856 931; x_wconf 87' lang='lat' dir='ltr'>ordiendum</span> <span class='ocrx_word' id='word_1_65' title='bbox 891 900 1013 940; x_wconf 84' lang='lat' dir='ltr'>esse,</span> <span class='ocrx_word' id='word_1_66' title='bbox 1041 883 1176 930; x_wconf 85' lang='lat' dir='ltr'>unde</span> <span class='ocrx_word' id='word_1_67' title='bbox 1201 895 1306 929; x_wconf 91' lang='lat' dir='ltr'>tota</span> <span class='ocrx_word' id='word_1_68' title='bbox 1331 883 1461 929; x_wconf 88' lang='lat' dir='ltr'>haec</span> <span class='ocrx_word' id='word_1_69' title='bbox 1484 897 1609 943; x_wconf 85' lang='lat' dir='ltr'>ope·-</span> 
     </span>
     <span class='ocr_line' id='line_1_13' title="bbox 244 947 1612 1011; baseline -0.002 -17"><span class='ocrx_word' id='word_1_70' title='bbox 244 965 299 994; x_wconf 90' lang='lat' dir='ltr'>ra</span> <span class='ocrx_word' id='word_1_71' title='bbox 330 960 504 996; x_wconf 87' lang='lat' dir='ltr'>nostra</span> <span class='ocrx_word' id='word_1_72' title='bbox 537 951 803 1010; x_wconf 86' lang='lat' dir='ltr'>processit.</span> <span class='ocrx_word' id='word_1_73' title='bbox 889 948 1104 996; x_wconf 87' lang='lat' dir='ltr'>Codices</span> <span class='ocrx_word' id='word_1_74' title='bbox 1146 950 1295 1011; x_wconf 74' lang='lat' dir='ltr'>igitur</span> <span class='ocrx_word' id='word_1_75' title='bbox 1330 947 1612 993; x_wconf 87' lang='lat' dir='ltr'>manuscri-</span> 
     </span>
     <span class='ocr_line' id='line_1_14' title="bbox 243 1012 1614 1077; baseline -0.002 -18"><span class='ocrx_word' id='word_1_76' title='bbox 243 1026 379 1075; x_wconf 91' lang='lat' dir='ltr'>ptos,</span> <span class='ocrx_word' id='word_1_77' title='bbox 413 1012 599 1075; x_wconf 88' lang='lat' dir='ltr'>quibus</span> <span class='ocrx_word' id='word_1_78' title='bbox 628 1013 758 1060; x_wconf 86' lang='lat' dir='ltr'>haec</span> <span class='ocrx_word' id='word_1_79' title='bbox 785 1013 1064 1077; x_wconf 83' lang='lat' dir='ltr'>fragmenta</span> <span class='ocrx_word' id='word_1_80' title='bbox 1093 1013 1417 1060; x_wconf 77' lang='lat' dir='ltr'>historiarum</span> <span class='ocrx_word' id='word_1_81' title='bbox 1453 1012 1614 1058; x_wconf 89' lang='lat' dir='ltr'>conti-</span> 
     </span>
     <span class='ocr_line' id='line_1_15' title="bbox 244 1076 1615 1137; baseline -0.001 -13"><span class='ocrx_word' id='word_1_82' title='bbox 244 1091 447 1137; x_wconf 89' lang='lat' dir='ltr'>nentur,</span> <span class='ocrx_word' id='word_1_83' title='bbox 483 1095 546 1126; x_wconf 78' lang='lat' dir='ltr'>ex</span> <span class='ocrx_word' id='word_1_84' title='bbox 581 1094 685 1125; x_wconf 90' lang='lat' dir='ltr'>uno</span> <span class='ocrx_word' id='word_1_85' title='bbox 722 1080 846 1125; x_wconf 91' lang='lat' dir='ltr'>olim</span> <span class='ocrx_word' id='word_1_86' title='bbox 880 1078 1023 1126; x_wconf 85' lang='lat' dir='ltr'>sonte</span> <span class='ocrx_word' id='word_1_87' title='bbox 1062 1079 1267 1126; x_wconf 80' lang='lat' dir='ltr'>fluxisse</span> <span class='ocrx_word' id='word_1_88' title='bbox 1298 1078 1447 1124; x_wconf 79' lang='lat' dir='ltr'>facile</span> <span class='ocrx_word' id='word_1_89' title='bbox 1467 1076 1615 1123; x_wconf 90' lang='lat' dir='ltr'>intel-</span> 
     </span>
     <span class='ocr_line' id='line_1_16' title="bbox 244 1143 1617 1207; baseline -0.001 -18"><span class='ocrx_word' id='word_1_90' title='bbox 244 1145 430 1207; x_wconf 77' lang='lat' dir='ltr'>ligitur,</span> <span class='ocrx_word' id='word_1_91' title='bbox 466 1143 608 1206; x_wconf 91' lang='lat' dir='ltr'>quod</span> <span class='ocrx_word' id='word_1_92' title='bbox 640 1145 694 1190; x_wconf 92' lang='lat' dir='ltr'>in</span> <span class='ocrx_word' id='word_1_93' title='bbox 723 1143 962 1191; x_wconf 89' lang='lat' dir='ltr'>omnibus</span> <span class='ocrx_word' id='word_1_94' title='bbox 998 1144 1207 1191; x_wconf 82' lang='lat' dir='ltr'>eaedem</span> <span class='ocrx_word' id='word_1_95' title='bbox 1236 1145 1450 1190; x_wconf 90' lang='lat' dir='ltr'>lacunae</span> <span class='ocrx_word' id='word_1_96' title='bbox 1479 1144 1617 1187; x_wconf 85' lang='lat' dir='ltr'>inve-</span> 
     </span>
     <span class='ocr_line' id='line_1_17' title="bbox 246 1207 1615 1270; baseline -0.002 -15"><span class='ocrx_word' id='word_1_97' title='bbox 246 1212 468 1256; x_wconf 89' lang='lat' dir='ltr'>niuntur.</span> <span class='ocrx_word' id='word_1_98' title='bbox 539 1211 728 1257; x_wconf 81' lang='lat' dir='ltr'>Verum</span> <span class='ocrx_word' id='word_1_99' title='bbox 763 1211 894 1256; x_wconf 89' lang='lat' dir='ltr'>inter</span> <span class='ocrx_word' id='word_1_100' title='bbox 932 1210 1073 1270; x_wconf 90' lang='lat' dir='ltr'>ipsos</span> <span class='ocrx_word' id='word_1_101' title='bbox 1123 1212 1400 1255; x_wconf 75' lang='lat' dir='ltr'>maximum</span> <span class='ocrx_word' id='word_1_102' title='bbox 1442 1207 1615 1269; x_wconf 78' lang='lat' dir='ltr'>discri-</span> 
     </span>
     <span class='ocr_line' id='line_1_18' title="bbox 247 1273 1615 1332; baseline -0.001 -13"><span class='ocrx_word' id='word_1_103' title='bbox 247 1291 366 1320; x_wconf 89' lang='lat' dir='ltr'>men</span> <span class='ocrx_word' id='word_1_104' title='bbox 397 1290 506 1321; x_wconf 89' lang='lat' dir='ltr'>esse</span> <span class='ocrx_word' id='word_1_105' title='bbox 534 1274 684 1321; x_wconf 77' lang='lat' dir='ltr'>facile</span> <span class='ocrx_word' id='word_1_106' title='bbox 709 1274 1099 1332; x_wconf 85' lang='lat' dir='ltr'>animadvertas,</span> <span class='ocrx_word' id='word_1_107' title='bbox 1132 1276 1172 1320; x_wconf 90' lang='lat' dir='ltr'>si</span> <span class='ocrx_word' id='word_1_108' title='bbox 1208 1276 1510 1320; x_wconf 85' lang='lat' dir='ltr'>variantium</span> <span class='ocrx_word' id='word_1_109' title='bbox 1545 1273 1615 1317; x_wconf 93' lang='lat' dir='ltr'>le-</span> 
     </span>
     <span class='ocr_line' id='line_1_19' title="bbox 249 1339 1615 1402; baseline -0.002 -17"><span class='ocrx_word' id='word_1_110' title='bbox 249 1342 478 1386; x_wconf 83' lang='lat' dir='ltr'>ctionum</span> <span class='ocrx_word' id='word_1_111' title='bbox 499 1340 721 1386; x_wconf 81' lang='lat' dir='ltr'>indicem</span> <span class='ocrx_word' id='word_1_112' title='bbox 740 1339 878 1402; x_wconf 88' lang='lat' dir='ltr'>apud</span> <span class='ocrx_word' id='word_1_113' title='bbox 889 1339 1331 1402; x_wconf 76' lang='lat' dir='ltr'>Snakenburgium</span> <span class='ocrx_word' id='word_1_114' title='bbox 1345 1339 1615 1395; x_wconf 72' lang='lat' dir='ltr'>examines,</span> 
     </span>
     <span class='ocr_line' id='line_1_20' title="bbox 245 1402 1616 1466; baseline -0.003 -15"><span class='ocrx_word' id='word_1_115' title='bbox 245 1421 344 1451; x_wconf 87' lang='lat' dir='ltr'>nec</span> <span class='ocrx_word' id='word_1_116' title='bbox 373 1405 425 1450; x_wconf 89' lang='lat' dir='ltr'>id</span> <span class='ocrx_word' id='word_1_117' title='bbox 459 1405 731 1463; x_wconf 81' lang='lat' dir='ltr'>eiusmodi,</span> <span class='ocrx_word' id='word_1_118' title='bbox 765 1404 906 1466; x_wconf 88' lang='lat' dir='ltr'>quod</span> <span class='ocrx_word' id='word_1_119' title='bbox 941 1404 1004 1451; x_wconf 86' lang='lat' dir='ltr'>ad</span> <span class='ocrx_word' id='word_1_120' title='bbox 1033 1406 1326 1461; x_wconf 85' lang='lat' dir='ltr'>sollertiam,</span> <span class='ocrx_word' id='word_1_121' title='bbox 1351 1405 1430 1450; x_wconf 87' lang='lat' dir='ltr'>vel</span> <span class='ocrx_word' id='word_1_122' title='bbox 1458 1402 1616 1465; x_wconf 78' lang='lat' dir='ltr'>negli-</span> 
     </span>
     <span class='ocr_line' id='line_1_21' title="bbox 247 1468 1618 1533; baseline -0.001 -19"><span class='ocrx_word' id='word_1_123' title='bbox 247 1472 468 1533; x_wconf 76' lang='lat' dir='ltr'>gentiam</span> <span class='ocrx_word' id='word_1_124' title='bbox 494 1469 772 1516; x_wconf 86' lang='lat' dir='ltr'>scribarum</span> <span class='ocrx_word' id='word_1_125' title='bbox 798 1469 1058 1517; x_wconf 86' lang='lat' dir='ltr'>reseratur.</span> <span class='ocrx_word' id='word_1_126' title='bbox 1127 1472 1307 1531; x_wconf 80' lang='lat' dir='ltr'>Neque</span> <span class='ocrx_word' id='word_1_127' title='bbox 1332 1471 1469 1515; x_wconf 87' lang='lat' dir='ltr'>enim</span> <span class='ocrx_word' id='word_1_128' title='bbox 1487 1468 1618 1514; x_wconf 87' lang='lat' dir='ltr'>haec</span> 
     </span>
     <span class='ocr_line' id='line_1_22' title="bbox 247 1533 1619 1597; baseline -0.002 -17"><span class='ocrx_word' id='word_1_129' title='bbox 247 1548 326 1597; x_wconf 24' lang='lat' dir='ltr'>*est</span> <span class='ocrx_word' id='word_1_130' title='bbox 358 1551 462 1591; x_wconf 88' lang='lat' dir='ltr'>res,</span> <span class='ocrx_word' id='word_1_131' title='bbox 506 1548 561 1580; x_wconf 89' lang='lat' dir='ltr'>ut</span> <span class='ocrx_word' id='word_1_132' title='bbox 595 1537 649 1579; x_wconf 90' lang='lat' dir='ltr'>in</span> <span class='ocrx_word' id='word_1_133' title='bbox 684 1536 792 1579; x_wconf 87' lang='lat' dir='ltr'>aliis</span> <span class='ocrx_word' id='word_1_134' title='bbox 826 1534 966 1581; x_wconf 89' lang='lat' dir='ltr'>libris</span> <span class='ocrx_word' id='word_1_135' title='bbox 1014 1535 1194 1581; x_wconf 89' lang='lat' dir='ltr'>eadem</span> <span class='ocrx_word' id='word_1_136' title='bbox 1226 1533 1380 1581; x_wconf 86' lang='lat' dir='ltr'>verba</span> <span class='ocrx_word' id='word_1_137' title='bbox 1414 1549 1619 1579; x_wconf 82' lang='lat' dir='ltr'>accura-</span> 
     </span>
     <span class='ocr_line' id='line_1_23' title="bbox 250 1599 1620 1661; baseline -0.001 -16"><span class='ocrx_word' id='word_1_138' title='bbox 250 1602 374 1658; x_wconf 88' lang='lat' dir='ltr'>tius,</span> <span class='ocrx_word' id='word_1_139' title='bbox 409 1601 464 1646; x_wconf 89' lang='lat' dir='ltr'>in</span> <span class='ocrx_word' id='word_1_140' title='bbox 500 1599 608 1644; x_wconf 88' lang='lat' dir='ltr'>aliis</span> <span class='ocrx_word' id='word_1_141' title='bbox 645 1599 981 1661; x_wconf 74' lang='lat' dir='ltr'>negligentius</span> <span class='ocrx_word' id='word_1_142' title='bbox 1019 1612 1219 1644; x_wconf 81' lang='lat' dir='ltr'>exarata</span> <span class='ocrx_word' id='word_1_143' title='bbox 1260 1600 1513 1661; x_wconf 76' lang='lat' dir='ltr'>legantur,</span> <span class='ocrx_word' id='word_1_144' title='bbox 1564 1599 1620 1643; x_wconf 81' lang='lat' dir='ltr'>in</span> 
     </span>
     <span class='ocr_line' id='line_1_24' title="bbox 251 1664 1618 1727; baseline -0.003 -16"><span class='ocrx_word' id='word_1_145' title='bbox 251 1666 329 1711; x_wconf 85' lang='lat' dir='ltr'>his</span> <span class='ocrx_word' id='word_1_146' title='bbox 372 1680 471 1727; x_wconf 89' lang='lat' dir='ltr'>per</span> <span class='ocrx_word' id='word_1_147' title='bbox 521 1666 772 1710; x_wconf 84' lang='lat' dir='ltr'>incuriam</span> <span class='ocrx_word' id='word_1_148' title='bbox 827 1666 1012 1709; x_wconf 86' lang='lat' dir='ltr'>omissa</span> <span class='ocrx_word' id='word_1_149' title='bbox 1064 1666 1186 1723; x_wconf 84' lang='lat' dir='ltr'>sint,</span> <span class='ocrx_word' id='word_1_150' title='bbox 1235 1680 1366 1725; x_wconf 89' lang='lat' dir='ltr'>quae</span> <span class='ocrx_word' id='word_1_151' title='bbox 1414 1665 1467 1709; x_wconf 88' lang='lat' dir='ltr'>in</span> <span class='ocrx_word' id='word_1_152' title='bbox 1519 1664 1618 1708; x_wconf 90' lang='lat' dir='ltr'>illis</span> 
     </span>
     <span class='ocr_line' id='line_1_25' title="bbox 252 1727 1617 1793; baseline -0.002 -17"><span class='ocrx_word' id='word_1_153' title='bbox 252 1741 560 1793; x_wconf 85' lang='lat' dir='ltr'>appareant,</span> <span class='ocrx_word' id='word_1_154' title='bbox 613 1739 913 1790; x_wconf 90' lang='lat' dir='ltr'>repetantur</span> <span class='ocrx_word' id='word_1_155' title='bbox 966 1744 1097 1790; x_wconf 89' lang='lat' dir='ltr'>quae</span> <span class='ocrx_word' id='word_1_156' title='bbox 1151 1728 1328 1775; x_wconf 90' lang='lat' dir='ltr'>abesse</span> <span class='ocrx_word' id='word_1_157' title='bbox 1383 1727 1617 1785; x_wconf 91' lang='lat' dir='ltr'>debeant,</span> 
     </span>
     <span class='ocr_line' id='line_1_26' title="bbox 253 1792 1620 1858; baseline -0.003 -16"><span class='ocrx_word' id='word_1_158' title='bbox 253 1810 488 1858; x_wconf 87' lang='lat' dir='ltr'>quaeque</span> <span class='ocrx_word' id='word_1_159' title='bbox 524 1795 622 1840; x_wconf 86' lang='lat' dir='ltr'>alia</span> <span class='ocrx_word' id='word_1_160' title='bbox 653 1795 991 1857; x_wconf 70' lang='lat' dir='ltr'>negligentiae</span> <span class='ocrx_word' id='word_1_161' title='bbox 1027 1794 1195 1840; x_wconf 90' lang='lat' dir='ltr'>solent</span> <span class='ocrx_word' id='word_1_162' title='bbox 1214 1805 1508 1856; x_wconf 79' lang='lat' dir='ltr'>argumenta</span> <span class='ocrx_word' id='word_1_163' title='bbox 1530 1792 1620 1839; x_wconf 85' lang='lat' dir='ltr'>ha-</span> 
     </span>
     <span class='ocr_line' id='line_1_27' title="bbox 252 1859 1619 1919; baseline -0.003 -11"><span class='ocrx_word' id='word_1_164' title='bbox 252 1862 376 1919; x_wconf 86' lang='lat' dir='ltr'>beri;</span> <span class='ocrx_word' id='word_1_165' title='bbox 410 1860 500 1907; x_wconf 87' lang='lat' dir='ltr'>sed</span> <span class='ocrx_word' id='word_1_166' title='bbox 531 1872 588 1906; x_wconf 90' lang='lat' dir='ltr'>ut</span> <span class='ocrx_word' id='word_1_167' title='bbox 619 1860 674 1906; x_wconf 92' lang='lat' dir='ltr'>in</span> <span class='ocrx_word' id='word_1_168' title='bbox 705 1859 888 1905; x_wconf 89' lang='lat' dir='ltr'>eodem</span> <span class='ocrx_word' id='word_1_169' title='bbox 915 1861 1160 1905; x_wconf 86' lang='lat' dir='ltr'>orationis</span> <span class='ocrx_word' id='word_1_170' title='bbox 1193 1872 1370 1905; x_wconf 88' lang='lat' dir='ltr'>tenore</span> <span class='ocrx_word' id='word_1_171' title='bbox 1393 1860 1490 1905; x_wconf 86' lang='lat' dir='ltr'>alia</span> <span class='ocrx_word' id='word_1_172' title='bbox 1515 1874 1619 1904; x_wconf 83' lang='lat' dir='ltr'>ver-</span> 
     </span>
     <span class='ocr_line' id='line_1_28' title="bbox 253 1923 1621 1987; baseline -0.004 -13"><span class='ocrx_word' id='word_1_173' title='bbox 253 1926 318 1974; x_wconf 88' lang='lat' dir='ltr'>ba</span> <span class='ocrx_word' id='word_1_174' title='bbox 349 1927 455 1972; x_wconf 92' lang='lat' dir='ltr'>aliis</span> <span class='ocrx_word' id='word_1_175' title='bbox 486 1927 630 1987; x_wconf 87' lang='lat' dir='ltr'>quasi</span> <span class='ocrx_word' id='word_1_176' title='bbox 668 1923 1059 1982; x_wconf 85' lang='lat' dir='ltr'>substituantur,</span> <span class='ocrx_word' id='word_1_177' title='bbox 1090 1924 1377 1971; x_wconf 84' lang='lat' dir='ltr'>difficiliora</span> <span class='ocrx_word' id='word_1_178' title='bbox 1413 1936 1463 1970; x_wconf 89' lang='lat' dir='ltr'>et</span> <span class='ocrx_word' id='word_1_179' title='bbox 1484 1926 1621 1969; x_wconf 90' lang='lat' dir='ltr'>inso-</span> 
     </span>
     <span class='ocr_line' id='line_1_29' title="bbox 246 1988 1622 2053; baseline -0.004 -15"><span class='ocrx_word' id='word_1_180' title='bbox 246 1994 473 2053; x_wconf 23' lang='lat' dir='ltr'>*lentiora</span> <span class='ocrx_word' id='word_1_181' title='bbox 508 1991 635 2037; x_wconf 87' lang='lat' dir='ltr'>tritis</span> <span class='ocrx_word' id='word_1_182' title='bbox 659 2002 710 2036; x_wconf 85' lang='lat' dir='ltr'>et</span> <span class='ocrx_word' id='word_1_183' title='bbox 735 1989 1092 2036; x_wconf 84' lang='lat' dir='ltr'>communibus</span> <span class='ocrx_word' id='word_1_184' title='bbox 1117 2001 1486 2052; x_wconf 85' lang='lat' dir='ltr'>permutentur,</span> <span class='ocrx_word' id='word_1_185' title='bbox 1523 1988 1622 2034; x_wconf 85' lang='lat' dir='ltr'>alia</span> 
     </span>
     <span class='ocr_line' id='line_1_30' title="bbox 256 2055 1621 2119; baseline -0.004 -15"><span class='ocrx_word' id='word_1_186' title='bbox 256 2055 548 2119; x_wconf 76' lang='lat' dir='ltr'>explicandi</span> <span class='ocrx_word' id='word_1_187' title='bbox 601 2071 753 2101; x_wconf 86' lang='lat' dir='ltr'>causa</span> <span class='ocrx_word' id='word_1_188' title='bbox 797 2055 1128 2113; x_wconf 82' lang='lat' dir='ltr'>adiiciantur,</span> <span class='ocrx_word' id='word_1_189' title='bbox 1181 2057 1621 2101; x_wconf 86' lang='lat' dir='ltr'>constructionum</span> 
     </span>
     <span class='ocr_line' id='line_1_31' title="bbox 246 2120 1621 2186; baseline -0.004 -17"><span class='ocrx_word' id='word_1_190' title='bbox 246 2125 543 2186; x_wconf 78' lang='lat' dir='ltr'>proprietas</span> <span class='ocrx_word' id='word_1_191' title='bbox 582 2120 835 2177; x_wconf 83' lang='lat' dir='ltr'>eludatur,</span> <span class='ocrx_word' id='word_1_192' title='bbox 881 2122 1040 2167; x_wconf 88' lang='lat' dir='ltr'>multa</span> <span class='ocrx_word' id='word_1_193' title='bbox 1071 2121 1320 2182; x_wconf 86' lang='lat' dir='ltr'>denique,</span> <span class='ocrx_word' id='word_1_194' title='bbox 1354 2136 1485 2180; x_wconf 89' lang='lat' dir='ltr'>quae</span> <span class='ocrx_word' id='word_1_195' title='bbox 1513 2135 1621 2182; x_wconf 78' lang='lat' dir='ltr'>ger-</span> 
     </span>
     <span class='ocr_line' id='line_1_32' title="bbox 254 2185 1622 2247; baseline -0.004 -13"><span class='ocrx_word' id='word_1_196' title='bbox 254 2203 464 2234; x_wconf 89' lang='lat' dir='ltr'>manum</span> <span class='ocrx_word' id='word_1_197' title='bbox 495 2188 782 2234; x_wconf 86' lang='lat' dir='ltr'>Latinitatis</span> <span class='ocrx_word' id='word_1_198' title='bbox 817 2199 1080 2231; x_wconf 88' lang='lat' dir='ltr'>auctorem</span> <span class='ocrx_word' id='word_1_199' title='bbox 1109 2188 1323 2247; x_wconf 88' lang='lat' dir='ltr'>sapiant,</span> <span class='ocrx_word' id='word_1_200' title='bbox 1361 2185 1622 2246; x_wconf 84' lang='lat' dir='ltr'>expellan-</span> 
     </span>
     <span class='ocr_line' id='line_1_33' title="bbox 256 2249 1624 2314; baseline -0.004 -13"><span class='ocrx_word' id='word_1_201' title='bbox 256 2268 360 2311; x_wconf 87' lang='lat' dir='ltr'>tur,</span> <span class='ocrx_word' id='word_1_202' title='bbox 397 2251 615 2299; x_wconf 88' lang='lat' dir='ltr'>inductis</span> <span class='ocrx_word' id='word_1_203' title='bbox 645 2251 950 2314; x_wconf 78' lang='lat' dir='ltr'>vulgaribus.</span> <span class='ocrx_word' id='word_1_204' title='bbox 1021 2253 1194 2311; x_wconf 83' lang='lat' dir='ltr'>Itaque</span> <span class='ocrx_word' id='word_1_205' title='bbox 1223 2267 1339 2296; x_wconf 88' lang='lat' dir='ltr'>vere</span> <span class='ocrx_word' id='word_1_206' title='bbox 1368 2249 1517 2296; x_wconf 89' lang='lat' dir='ltr'>nobis</span> <span class='ocrx_word' id='word_1_207' title='bbox 1552 2251 1624 2295; x_wconf 89' lang='lat' dir='ltr'>vi-</span> 
     </span>
     <span class='ocr_line' id='line_1_34' title="bbox 256 2315 1623 2378; baseline -0.006 -12"><span class='ocrx_word' id='word_1_208' title='bbox 256 2320 436 2366; x_wconf 87' lang='lat' dir='ltr'>demur</span> <span class='ocrx_word' id='word_1_209' title='bbox 464 2318 736 2378; x_wconf 81' lang='lat' dir='ltr'>suspicari,</span> <span class='ocrx_word' id='word_1_210' title='bbox 783 2316 918 2362; x_wconf 89' lang='lat' dir='ltr'>idem</span> <span class='ocrx_word' id='word_1_211' title='bbox 959 2315 1199 2363; x_wconf 84' lang='lat' dir='ltr'>accidisse</span> <span class='ocrx_word' id='word_1_212' title='bbox 1242 2318 1295 2361; x_wconf 88' lang='lat' dir='ltr'>in</span> <span class='ocrx_word' id='word_1_213' title='bbox 1330 2318 1394 2376; x_wconf 83' lang='lat' dir='ltr'>Q.</span> <span class='ocrx_word' id='word_1_214' title='bbox 1432 2317 1623 2371; x_wconf 88' lang='lat' dir='ltr'>Curtio,</span> 
     </span>
     <span class='ocr_line' id='line_1_35' title="bbox 257 2381 1624 2447; baseline -0.005 -16"><span class='ocrx_word' id='word_1_215' title='bbox 257 2383 399 2447; x_wconf 89' lang='lat' dir='ltr'>quod</span> <span class='ocrx_word' id='word_1_216' title='bbox 431 2384 483 2429; x_wconf 93' lang='lat' dir='ltr'>in</span> <span class='ocrx_word' id='word_1_217' title='bbox 519 2383 628 2428; x_wconf 86' lang='lat' dir='ltr'>aliis</span> <span class='ocrx_word' id='word_1_218' title='bbox 665 2383 915 2444; x_wconf 87' lang='lat' dir='ltr'>imprimis</span> <span class='ocrx_word' id='word_1_219' title='bbox 950 2383 1119 2443; x_wconf 63' lang='lat' dir='ltr'>poetis</span> <span class='ocrx_word' id='word_1_220' title='bbox 1154 2393 1202 2428; x_wconf 86' lang='lat' dir='ltr'>et</span> <span class='ocrx_word' id='word_1_221' title='bbox 1226 2381 1430 2427; x_wconf 88' lang='lat' dir='ltr'>Graecis</span> <span class='ocrx_word' id='word_1_222' title='bbox 1457 2393 1505 2425; x_wconf 92' lang='lat' dir='ltr'>et</span> <span class='ocrx_word' id='word_1_223' title='bbox 1523 2382 1624 2425; x_wconf 82' lang='lat' dir='ltr'>Ro-</span> 
     </span>
     <span class='ocr_line' id='line_1_36' title="bbox 248 2446 1625 2509; baseline -0.004 -13"><span class='ocrx_word' id='word_1_224' title='bbox 248 2451 418 2509; x_wconf 83' lang='lat' dir='ltr'>manis</span> <span class='ocrx_word' id='word_1_225' title='bbox 453 2447 696 2494; x_wconf 79' lang='lat' dir='ltr'>accidisse</span> <span class='ocrx_word' id='word_1_226' title='bbox 733 2459 956 2494; x_wconf 81' lang='lat' dir='ltr'>constat:</span> <span class='ocrx_word' id='word_1_227' title='bbox 998 2446 1153 2494; x_wconf 77' lang='lat' dir='ltr'>fuisse</span> <span class='ocrx_word' id='word_1_228' title='bbox 1193 2447 1317 2492; x_wconf 87' lang='lat' dir='ltr'>olim</span> <span class='ocrx_word' id='word_1_229' title='bbox 1361 2446 1625 2491; x_wconf 86' lang='lat' dir='ltr'>scholasti-</span> 
     </span>
     <span class='ocr_line' id='line_1_37' title="bbox 259 2511 1624 2574; baseline -0.005 -12"><span class='ocrx_word' id='word_1_230' title='bbox 259 2532 376 2562; x_wconf 90' lang='lat' dir='ltr'>cum</span> <span class='ocrx_word' id='word_1_231' title='bbox 409 2514 695 2569; x_wconf 86' lang='lat' dir='ltr'>hominem,</span> <span class='ocrx_word' id='word_1_232' title='bbox 742 2513 828 2574; x_wconf 87' lang='lat' dir='ltr'>qui</span> <span class='ocrx_word' id='word_1_233' title='bbox 873 2528 989 2558; x_wconf 89' lang='lat' dir='ltr'>cum</span> <span class='ocrx_word' id='word_1_234' title='bbox 1039 2526 1126 2558; x_wconf 83' lang='lat' dir='ltr'>aut</span> <span class='ocrx_word' id='word_1_235' title='bbox 1168 2513 1280 2573; x_wconf 87' lang='lat' dir='ltr'>ipse</span> <span class='ocrx_word' id='word_1_236' title='bbox 1322 2511 1461 2558; x_wconf 86' lang='lat' dir='ltr'>hunc</span> <span class='ocrx_word' id='word_1_237' title='bbox 1505 2511 1624 2556; x_wconf 88' lang='lat' dir='ltr'>scri-</span> 
     </span>
     <span class='ocr_line' id='line_1_38' title="bbox 247 2577 1623 2649; baseline -0.006 -21"><span class='ocrx_word' id='word_1_238' title='bbox 247 2593 464 2649; x_wconf 75' lang='lat' dir='ltr'>ptorem</span> <span class='ocrx_word' id='word_1_239' title='bbox 498 2577 724 2625; x_wconf 88' lang='lat' dir='ltr'>studiose</span> <span class='ocrx_word' id='word_1_240' title='bbox 768 2578 984 2641; x_wconf 80' lang='lat' dir='ltr'>legeret,</span> <span class='ocrx_word' id='word_1_241' title='bbox 1039 2589 1125 2625; x_wconf 89' lang='lat' dir='ltr'>aut</span> <span class='ocrx_word' id='word_1_242' title='bbox 1169 2578 1277 2625; x_wconf 87' lang='lat' dir='ltr'>aliis</span> <span class='ocrx_word' id='word_1_243' title='bbox 1331 2577 1623 2639; x_wconf 83' lang='lat' dir='ltr'>explicaret,</span> 
     </span>
    </p>
   </div>
  </div>
 </body>
</html>
