1703 2961
278 147 361 196 376
497 202 502 209 θ
729 147 785 204 Q.
820 147 1026 191 CURTu
1056 147 1198 190 RUFI

278 262 448 319 copias:
478 261 639 319 quippe
668 275 750 318 pro
782 261 1000 319 equitibus
1034 260 1234 316 planities
1263 267 1370 305 erat.
1429 260 1679 308 Ceterum1

278 335 418 382 veriti,
444 350 499 376 ne
522 342 689 375 temere
714 334 1073 376 commilitonum
1091 333 1225 374 fidem
1246 334 1520 386 damnarent,
1550 337 1649 378 sub—

278 409 441 454 stitere,
474 406 744 464 praeparatis
763 407 816 447 ad
839 407 1145 448 dimicandum
1176 406 1347 457 animis,
1379 408 1412 448 si
1446 408 1539 464 quis
1558 409 1647 450 vim

277 481 474 522 inferret.
520 481 613 520 Iam
643 479 815 536 agmina
846 479 1038 526 coibant,
1069 494 1342 536 parvumque
1370 479 1648 521 intervallum

278 560 385 603 erat,
416 552 535 609 quod
569 551 709 593 aciem
738 559 970 608 utramque
1000 551 1224 592 divideret.
1278 554 1429 609 ltaque
1450 567 1524 594 rex
1545 568 1649 594 cum
1670 570 1684 594 1

278 641 366 667 una
400 625 464 665 ala
496 624 754 681 obequitare
782 625 1002 681 peditibus
1034 623 1197 679 coepit,
1228 624 1472 666 discordiae
1500 633 1652 667 aucto-

278 713 361 748 res,
392 712 502 754 quos
538 697 649 737 tueri
686 696 776 753 ipse
818 697 1029 747 debebat,
1071 696 1282 737 instinctu
1318 697 1557 739 Perdiccae
1590 698 1647 739 ad

277 769 489 827 supplicia
522 769 782 827 deposcens:
808 769 1148 826 minabaturque
1178 783 1331 810 ornnes
1354 777 1522 811 turmas
1545 785 1649 812 cum

278 842 524 899 elephantis
559 842 846 884 inducturum
892 857 937 883 se
977 841 1022 883 in
1064 849 1327 883 recusantes.
1399 842 1680 898 Stupebantx

278 915 520 972 improviso
564 915 683 956 malo
722 915 911 972 pedites;
949 930 1032 956 nec
1073 914 1168 971 plus
1207 915 1250 955 in
1291 915 1386 971 ipso
1421 915 1645 971 Meleagro

279 996 375 1030 erat
405 996 480 1030 aut
509 988 688 1038 consilii,
722 996 798 1030 aut
829 988 978 1029 animi.
1048 987 1337 1028 Tutissimum
1369 1003 1419 1028 ex
1446 1002 1650 1043 praesen-

277 1062 396 1103 tibus
439 1061 683 1109 videbatur,
720 1069 949 1118 expectare
992 1060 1150 1116 potius,
1192 1075 1325 1116 quam
1358 1074 1538 1101 movere
1566 1061 1652 1100 for-

279 1141 448 1176 tunam.
510 1133 626 1173 Tum
662 1133 887 1181 Perdicca,
931 1141 981 1174 ut
1016 1140 1244 1188 torpentes
1275 1140 1319 1173 et
1349 1132 1563 1173 obnoxios
1591 1132 1679 1172 vi-1

281 1208 355 1257 dit,
385 1218 458 1246 ccc
496 1204 602 1254 fere,
645 1205 719 1262 qui
750 1204 1025 1260 Meleagrum
1060 1213 1370 1258 erumpentem
1402 1220 1452 1246 ex
1484 1203 1653 1246 contio-

279 1295 349 1329 ne,
380 1293 493 1335 quae
545 1277 686 1334 prima
737 1276 887 1316 habita
926 1282 989 1315 est
1024 1282 1126 1330 post
1160 1283 1357 1316 mortem
1404 1276 1651 1326 Alexandri,

280 1351 419 1394 secuti
463 1357 609 1400 erant,
651 1364 676 1390 a
715 1348 872 1389 ceteris
913 1347 1137 1397 discretos,
1178 1346 1421 1402 elephantis
1459 1347 1504 1387 in
1549 1362 1655 1388 con-

278 1432 435 1482 spectu
469 1423 605 1464 totius
643 1422 857 1464 exercitus
906 1419 1076 1468 obiicit;
1133 1434 1374 1476 omnesque
1418 1418 1650 1460 beluarum

275 1497 465 1555 pedibus
498 1495 648 1537 obtriti
677 1502 789 1545 sunt,
820 1509 902 1535 nec
932 1492 1197 1548 prohibente
1219 1491 1436 1548 Philippo,
1465 1507 1546 1533 nec
1579 1507 1652 1533 au-

279 1579 428 1614 ctore:
458 1568 811 1626 apparebatque,
845 1567 888 1608 id
920 1566 1059 1607 modo
1089 1580 1172 1622 pro
1204 1579 1284 1606 suo
1309 1564 1675 1612 vindicaturum„

277 1643 403 1702 quod
443 1641 732 1699 approbasset
781 1647 974 1682 eventus.
1060 1638 1158 1680 Hoc
1204 1637 1424 1678 bellorum
1457 1637 1651 1679 civilium

276 1715 601 1760 Macedonibus
641 1722 686 1756 et
723 1728 858 1756 omen
893 1720 935 1753 et
964 1710 1233 1768 principium
1263 1710 1352 1751 fuit.
1414 1709 1673 1766 Meleager,:

278 1805 377 1832 sero
420 1787 641 1829 intellecta
678 1786 832 1828 fraude
870 1784 1126 1834 Perdiccae,
1177 1791 1273 1823 tum
1313 1782 1508 1839 quidem,
1549 1782 1649 1839 quia

276 1861 412 1919 ipsius
444 1858 621 1917 corpori
650 1859 712 1900 vis
741 1873 835 1899 non
876 1856 1158 1906 afferebatur,
1199 1855 1245 1896 in
1275 1855 1447 1911 agmine
1478 1856 1650 1913 quietus

279 1935 420 1977 stetit:
459 1940 504 1975 at
542 1948 657 1984 mox,
706 1931 915 1974 damnata
948 1945 1025 1987 spe
1062 1928 1225 1976 salutis,
1256 1943 1358 1970 cum
1390 1927 1480 1969 eius
1508 1927 1672 1968 nomi-e

277 2023 350 2055 ne,
382 2021 516 2065 quem
548 2006 638 2063 ipse
665 2004 834 2047 fecerat
858 2018 1022 2061 regem,
1065 2002 1111 2043 in
1146 2000 1388 2059 perniciem
1425 2015 1549 2042 suam
1577 2000 1651 2042 ab-

279 2088 454 2122 utentes
482 2079 652 2121 videret
678 2077 893 2127 inimicos,
938 2074 1136 2132 confugit
1172 2074 1217 2115 in
1247 2074 1488 2131 templum:
1520 2088 1570 2116 ac
1594 2088 1650 2114 ne

279 2154 368 2196 loci
401 2153 582 2211 quidem
619 2150 827 2208 religione
859 2148 1077 2195 defensus,
1109 2147 1338 2190 occiditur.

212 2237 269 2278 30
360 2225 584 2276 Perdicca,
624 2223 841 2281 perducto
893 2222 938 2263 in
973 2222 1131 2262 urbem
1169 2219 1375 2267 exercitu,
1413 2217 1670 2261 consilium).

278 2300 533 2358 principum
573 2297 772 2338 virorum
810 2295 978 2342 habuit,
1017 2295 1062 2336 in
1104 2309 1192 2352 quo
1230 2291 1464 2349 imperium
1499 2291 1556 2331 ita
1590 2290 1651 2331 di-

278 2373 367 2414 vidi
399 2371 575 2428 placuit,
616 2378 664 2411 ut
695 2385 771 2411 rex
809 2368 990 2426 quidem
1031 2381 1252 2408 summam
1293 2365 1380 2407 eius
1417 2364 1650 2413 obtineret,

280 2453 474 2501 satrapes
501 2443 779 2485 Ptolemaeus
809 2441 996 2499 Aegypti
1025 2447 1067 2481 et
1094 2439 1268 2481 Africae
1307 2437 1505 2495 gentium
1536 2449 1648 2492 quae

283 2518 329 2559 in
365 2517 541 2559 dicione
575 2523 713 2557 erant.
782 2513 1077 2556 Laomedonti
1117 2511 1241 2565 Syria
1281 2525 1385 2552 cum
1426 2507 1648 2550 Phoenice

282 2592 385 2634 data
419 2598 502 2639 est3
533 2589 732 2631 Philotae
751 2586 904 2630 Cilicia
934 2586 1169 2635 destinata3
1192 2583 1374 2640 Lyciam
1392 2596 1495 2623 cum
1524 2580 1653 2620 Pam-

279 2665 430 2723 phylia
469 2670 513 2706 et
551 2662 721 2705 maiore
755 2659 943 2718 Phrygia
981 2657 1183 2700 obtinere
1210 2656 1349 2698 iussus
1376 2653 1651 2710 Antigonus,-
