1703 2961
234 164 318 210 354
713 162 770 219 Q.
801 161 1009 206 CURTn
1033 160 1177 205 mm
1219 161 1221 163 ’

242 282 304 321 ad
334 279 493 320 liberos
531 279 836 332 coniugesque,
877 277 1031 333 quibus
1067 278 1201 331 pauci
1239 280 1438 330 praemia
1471 281 1609 319 victo-

242 356 334 393 riae
366 352 556 406 potestis
598 352 833 392 oscendere.
901 353 1021 390 Nam
1060 359 1309 397 ceterorum,
1351 353 1451 391 dum
1479 354 1610 392 etiam

244 428 343 481 spei
376 434 551 465 vestrae
591 425 765 464 obviam
796 425 910 471 istis,
950 439 1072 463 arma
1102 437 1269 478 quoque
1295 425 1474 476 pignori
1500 434 1613 464 suut.

247 501 388 540 Bonis
429 512 529 537 vero
571 497 787 537 militibus
819 498 1038 537 cariturus
1077 511 1179 543 sum,
1211 497 1416 549 pellicum
1443 512 1613 537 suarum
1629 512 1675 538 27

250 571 516 613 concubinis:
556 571 710 623 quibus
749 571 829 610 hoc
866 570 1002 609 solum
1034 583 1089 607 ex
1121 571 1258 610 tantis
1291 569 1444 620 opibus
1473 583 1615 621 snper-

252 654 332 693 est,
368 644 442 683 ἰιιι
496 643 613 697 quod
653 643 934 696 impenditur.
1003 642 1198 681 Proinde
1239 638 1514 698 ficgientibus
1553 657 1618 681 me

254 726 438 771 pateant
467 716 652 755 limites:
680 710 901 772 facessite
936 716 1036 755 hinc
1066 716 1185 754 ocius
1195 731 1208 764 ;
1242 729 1317 766 ego
1349 730 1439 754 cum
1471 716 1622 754 Persis

257 790 507 830 abeuntium
556 798 681 840 terga
723 788 910 829 tutabor.
980 789 1208 827 Neminem
1249 797 1393 828 teneo.-
1440 787 1621 826 liberate

259 863 406 904 oculos
445 876 574 905 meos,
611 862 903 913 ingratissimi
938 862 1070 900 cives.
1129 862 1264 901 Laeti
1290 876 1373 902 vos
1402 863 1682 914 excipientze

258 945 464 991 parentes
489 935 697 988 liberique
741 935 834 974 sine
863 944 1012 975 vestro
1042 949 1140 986 rege
1168 935 1419 974 redeuntes!
1451 934 1625 974 obviam

263 1009 387 1049 ibunt
423 1007 716 1048 desertoribus
754 1003 1109 1065 tranffitgisque!
1157 1007 1443 1060 Triumplzabo
1471 1007 1687 1053 mazer-29

263 1082 356 1122 cule
395 1082 449 1120 de
473 1077 599 1138 suga
627 1090 797 1128 vestra,
830 1090 875 1120 et
904 1080 1138 1135 ubicunque
1164 1095 1260 1128 ero,
1299 1090 1502 1133 expetam
1532 1094 1630 1133 poe-

265 1170 359 1203 nas,
384 1155 477 1202 hos,
513 1168 605 1192 cum
645 1153 799 1207 quibus
838 1168 902 1192 me
940 1155 1201 1208 relinquitis,
1255 1155 1432 1194 colendo
1460 1150 1631 1208 praese-

267 1228 483 1280 rendoque
513 1226 654 1266 vobis.
714 1229 810 1265 Iam
849 1235 993 1265 autem
1033 1228 1195 1273 scietis,
1236 1236 1280 1266 et
1307 1236 1509 1279 quantum
1540 1227 1632 1265 sine

267 1315 367 1353 rege
397 1300 547 1339 valeat
572 1299 804 1345 exercitus,
833 1308 877 1338 et
908 1299 1014 1352 (fuid
1044 1301 1142 1352 opis
1168 1301 1213 1339 in
1242 1315 1306 1338 me
1340 1314 1422 1340 uno
1451 1300 1530 1339 sit}
1702 1345 1703 1362 χ

208 1376 256 1418 11
356 1369 546 1412 Desiluit
583 1369 742 1410 deinde
776 1368 986 1409 frendens
1029 1370 1082 1410 de
1129 1369 1357 1420 tribunali,
1388 1377 1432 1409 et
1470 1371 1513 1410 in
1548 1377 1703 1433 [ΠΕ-301

275 1444 400 1485 dium
443 1448 718 1482 armatorum
751 1455 908 1496 agmen
937 1456 981 1481 se
1012 1440 1208 1488 immisit,
1240 1449 1418 1482 notatos
1447 1456 1636 1498 quoque,

272 1516 348 1573 qui
384 1513 653 1556 ferocissime
695 1512 891 1554 oblocuti
928 1521 1065 1560 erant,
1104 1513 1293 1569 singulos
1329 1528 1463 1554 manu
1507 1514 1638 1555 corri-

271 1588 390 1645 puit,
430 1602 512 1628 nec
553 1601 681 1627 ausos
722 1600 976 1641 repugnare,
1011 1586 1223 1628 tredecim
1255 1585 1536 1627 asservandos
1567 1603 1638 1628 cu—

273 1659 474 1702 stodibus
522 1658 719 1714 corporis
773 1657 964 1699 tradidit.
1037 1658 1146 1712 Quis
1195 1658 1415 1707 crederet,
1461 1669 1693 1699 saevarum

274 1731 407 1789 paulo
453 1737 554 1770 ante
595 1730 851 1772 contionem
890 1730 1166 1786 obtorpuisse
1213 1730 1357 1770 subito
1395 1736 1539 1778 metu,
1596 1737 1640 1770 et

278 1820 381 1847 cum
411 1803 467 1844 ad
505 1802 769 1859 supplicium
803 1802 971 1843 videret
1001 1801 1116 1842 trahi
1148 1801 1257 1842 nihil
1287 1816 1413 1842 ausos
1441 1801 1637 1858 graviora

277 1892 412 1934 quam
453 1883 620 1917 ceteros
651 1875 679 1903 ³¹⁶
705 1875 764 1903 *²
809 1875 896 1916 sive
933 1873 1141 1921 nominis,
1177 1873 1297 1930 quod
1335 1879 1496 1930 genteS,
1527 1887 1638 1928 quae
1673 1889 1690 1917 3

278 1950 359 1991 sub
386 1949 558 2005 regibus
587 1954 699 1998 sunt,
728 1948 842 1989 inter
872 1947 979 1989 deos
1006 1947 1169 1996 colunt,
1201 1946 1287 1988 sive
1308 1945 1487 2003 propria
1508 1944 1640 2000 ipsius

277 2020 516 2070 veneratio,
551 2019 638 2061 sive
682 2019 842 2062 fiducia
888 2026 1008 2061 tanta
1047 2019 1088 2060 vi
1123 2019 1364 2060 exercentis
1404 2018 1641 2075 imperium

280 2093 526 2136 conterruit
578 2107 672 2140 eos;
717 2092 933 2149 singulare
969 2099 1088 2135 certe
1129 2091 1363 2132 ediderunt
1405 2090 1640 2145 patientiae
1672 2109 1693 2133 ⁴

280 2164 544 2222 exemplum,
578 2165 779 2222 adeoque
820 2180 912 2207 non
950 2173 1052 2207 sunt
1081 2163 1253 2206 accensi
1282 2162 1496 2220 supplicio
1526 2178 1648 2205 com-

280 2339 300 2365 1
328 2339 440 2374 abest
461 2341 718 2385 praepositio.
839 2338 858 2364 2
886 2339 1129 2373 Exciderunt
1159 2353 1285 2382 pauca
1311 2338 1440 2381 verba,
1464 2351 1540 2385 pro
1567 2341 1648 2385 qui-

372 2394 442 2428 bas
474 2394 582 2439 vulgo
614 2393 707 2427 llaec
745 2393 948 2439 leguntur:
985 2395 1079 2439 [mm
1113 2394 1273 2428 effusam
1300 2400 1413 2426 antea
1436 2393 1647 2435 licentiam,

373 2456 489 2494 atque
518 2448 740 2481 seditiosam
768 2448 932 2481 militum
962 2449 1186 2482 violentiam
1212 2450 1265 2482 ita
1291 2459 1564 2494 compressam,
1606 2454 1648 2480 ut

374 2515 458 2536 non
490 2502 609 2535 modo
645 2503 772 2535 nullus
795 2513 841 2536 ex
866 2502 1045 2535 omnibus
1069 2503 1229 2536 irruenti
1259 2503 1336 2548 regi
1364 2502 1559 2542 restiterit3
1587 2512 1647 2534 ve-

371 2569 457 2590 rum
482 2556 598 2590 etiam
626 2557 755 2590 cuncti
774 2567 915 2602 pavore
941 2557 1163 2596 exanimati,
1186 2557 1356 2590 attonitis
1372 2556 1531 2598 similes,
1550 2555 1642 2600 quid

373 2611 422 2644 de
448 2611 538 2657 ipsis
567 2622 723 2657 quoque
747 2623 814 2644 rex
837 2611 1081 2645 statuendum
1099 2619 1286 2652 censeret,
1311 2621 1497 2657 suspensa
1520 2616 1647 2643 mente

372 2671 631 2711 expectarent.
678 2665 831 2711 Itaque]
