1703 2961
383 150 464 195 DE
505 148 715 193 GESTIS
749 147 918 190 ALEX.
954 147 1005 198 X,
1043 145 1110 188 25.
1389 140 1470 186 375

59 274 84 305 σ
111 264 241 308 rescit
268 262 426 311 solum,
465 261 539 303 sed
580 260 710 301 etiam
746 259 875 300 floret
914 257 1164 314 imperium.
1228 254 1354 296 Absit
1379 268 1475 295 mo-

111 338 169 379 do
203 336 377 381 invidia,
407 333 592 389 excipiet
620 332 749 373 huius
779 330 911 372 seculi
941 337 1142 383 tempora
1175 327 1368 368 eiusdem
1399 327 1475 368 do-

61 425 80 452 7
112 425 211 451 mus
240 409 409 449 utinam
440 412 666 461 perpetua,
707 410 826 444 certe
856 402 1062 442 diuturna
1092 399 1333 455 posteritas.
1391 397 1475 439 Ce-

111 490 273 531 terum,
313 487 363 519 ut
403 477 457 518 ad
498 475 713 523 ordinem,
748 489 770 514 a
812 487 901 530 quo
938 487 1011 513 me
1049 469 1366 525 contemplatio
1397 484 1475 525 pu-

112 553 253 595 blicae
294 548 509 593 felicitatis
550 553 782 594 averterat,
818 544 1017 594 redeam,
1061 543 1268 584 Perdicca
1297 541 1475 584 unicam

114 641 239 682 spem
277 622 424 665 salutis
463 635 565 662 suae
595 618 640 659 in
678 617 886 673 Meleagri
928 622 1073 656 morte
1106 614 1376 670 depe-nebat:
1406 630 1478 656 va-

114 710 223 736 num
254 693 443 735 eundem
475 700 518 733 et
548 690 744 739 infidum,
785 688 1070 744 celeriterque
1102 693 1169 727 'res
1196 694 1477 734 novaturum,

64 782 82 809 8
116 774 160 807 et
189 765 267 806 sibi
296 765 485 806 maxime
519 763 728 805 infestum
769 760 1082 817 occupandum
1113 773 1215 800 esse.
1277 758 1365 799 Sed
1392 759 1478 801 alta

116 836 460 878 dissimulatione
497 835 728 878 consilium
761 832 1004 890 premebat,
1038 839 1086 873 ut
1113 829 1387 887 opprimeret
1416 832 1479 873 in-

117 917 313 951 cautum.
370 909 486 964 Ergo
519 908 632 949 clam
662 905 878 963 quosdam
907 920 957 945 ex
984 904 1135 960 copiis,
1168 902 1326 960 quibus
1356 918 1481 960 prae-

119 990 227 1029 erat,
247 981 513 1028 subornavit,
546 987 608 1026 ut,
638 980 758 1036 quasi
791 978 1013 1034 ignoraret
1031 976 1135 1032 ipse,
1160 990 1481 1032 conquereren-

65 1069 86 1100 9
119 1062 191 1094 tur
219 1054 375 1110 palam,
405 1052 675 1107 Meleagrum
699 1058 935 1107 aequatum
955 1064 1042 1089 esse
1067 1046 1316 1090 Perdiccae.
1362 1047 1484 1101 Quo-

120 1141 221 1167 rum
248 1141 450 1167 sermone
486 1123 706 1179 Meleager
742 1122 796 1162 ad
837 1136 880 1161 se
911 1120 1062 1165 relato,
1100 1116 1248 1158 furens
1295 1118 1356 1160 ira
1384 1121 1485 1161 Per-

121 1199 272 1240 diccae
314 1214 424 1254 quae
465 1195 753 1250 comperisset
789 1189 980 1246 exponit.
1037 1188 1126 1238 llle,
1152 1190 1269 1232 velut
1297 1207 1410 1233 nova
1436 1207 1483 1234 re

122 1271 361 1318 exterritus,
393 1265 615 1313 admirari,
645 1263 782 1320 queri,
814 1261 1087 1317 dolentisque
1119 1262 1311 1318 speciem
1344 1271 1487 1307 osten-

120 1350 212 1384 tare
244 1342 281 1382 ei
321 1339 491 1395 coepit;
529 1337 583 1378 ad
622 1335 829 1376 ultimum
873 1333 1090 1384 convenit,
1121 1341 1170 1374 ut
1200 1334 1489 1390 comprehen-

58 1428 107 1452 10
125 1415 333 1456 dex-entur
370 1419 461 1452 tam
499 1408 730 1451 seditiosae
767 1405 887 1448 vocis
926 1413 1140 1448 auctores.
1197 1408 1300 1463 Agit
1328 1409 1490 1451 Melea-

122 1501 196 1542 ger
225 1484 395 1542 gratias,
435 1481 745 1538 amplexusque
784 1478 1043 1521 Perdiccam
1080 1478 1214 1521 fidem
1242 1480 1332 1522 eius
1373 1480 1418 1522 in
1443 1496 1488 1522 se

61 1575 105 1598 η
127 1574 177 1600 ac
209 1554 554 1599 benivolentiam
595 1552 825 1594 collaudat.
895 1553 1014 1593 Tum
1047 1552 1274 1593 communi
1308 1552 1489 1594 consilio

123 1631 344 1671 rationem
373 1624 652 1683 opprimendi
681 1624 834 1664 noxios
858 1623 1026 1664 ineunt.
1071 1623 1221 1665 Placet
1249 1624 1491 1666 exercitum

125 1703 268 1761 patrio
307 1716 433 1743 more
474 1697 660 1740 lustrari.
722 1686 782 1736 Et‘
814 1696 1052 1751 probabilis
1093 1711 1222 1737 causa
1258 1696 1492 1738 videbatur

63 1793 111 1818 12
128 1774 362 1832 praeterita
411 1770 643 1814 discordia.
713 1767 1016 1811 Macedonum
1054 1782 1176 1824 reges
1218 1767 1274 1809 ita
1308 1768 1492 1811 lustrare

126 1847 239 1889 soliti
284 1852 410 1887 erant
444 1844 614 1893 milites,
652 1849 702 1882 ut
738 1839 940 1882 discissae
975 1840 1094 1882 canis
1131 1841 1296 1881 viscera
1334 1840 1491 1883 ultimo

127 1920 180 1960 in*
206 1933 379 1974 campo,
408 1917 453 1958 in
486 1931 619 1973 quem
650 1914 944 1955 deduceretur
973 1911 1199 1961 exercitus,
1229 1911 1282 1952 ab
1305 1919 1493 1970 utraque

129 1991 400 2033 abiicerent¹
436 1996 574 2045 parte,
604 1988 718 2028 intra
747 1985 790 2027 id
821 1984 1012 2041 spatium
1039 1984 1196 2026 armati
1228 1998 1382 2026 omnes
1412 1978 1519 2027 sta-'

127 2070 240 2112 rent,
271 2062 374 2103 hinc
409 2061 589 2117 equites,
621 2059 738 2100 illinc
768 2057 970 2115 phalanx.

71 2147 117 2175 13
214 2136 366 2191 Itaque
404 2149 455 2174 eo
488 2133 570 2183 die,
598 2147 732 2190 quem
766 2129 870 2171 huic
901 2143 1026 2170 sacro
1056 2128 1389 2181 destinaverant,
1417 2144 1557 2185 rex29

108 2223 234 2251 >eum
267 2206 485 2263 equitibus
525 2203 852 2261 elephantisque
891 2200 1150 2243 constiterat
1189 2210 1345 2244 contra
1374 2202 1496 2259 pedi-

68 2296 116 2321 14
131 2289 206 2329 tes,
236 2280 331 2337 quis
357 2277 575 2333 Meleager
601 2282 815 2333 praeerat.
870 2275 963 2315 Iam
991 2281 1190 2331 equestre
1218 2290 1374 2332 agmen
1401 2290 1499 2316 mo-

127 2353 325 2399 vebatur,
359 2358 402 2391 et
430 2350 598 2406 pedites
630 2349 771 2391 subita
799 2346 1037 2389 formidine
1068 2347 1125 2388 ob
1156 2354 1382 2389 recentem
1414 2347 1495 2388 dis-

129 2425 353 2474 cordiam,
404 2422 522 2464 haud
576 2437 679 2464 sane
721 2420 868 2478 pacati
915 2420 1154 2477 quicquam
1202 2427 1493 2476 expectantes,

129 2512 370 2555 parumper
411 2496 747 2546 addubitavere,
795 2509 852 2536 an
898 2493 945 2535 in
991 2492 1148 2535 urbem
1195 2493 1495 2536 subducerent

133 2663 152 2689 1
179 2662 448 2697 abiicerentur.
