1703 2961
383 130 465 171 DE
494 125 702 170 GESTIS
731 124 900 166 ALEX.
931 124 1044 175 VIII,
1079 122 1148 168 36.
1373 121 1456 161 283

109 259 232 289 mero
256 240 443 300 'aggredi
482 243 609 282 ausus
650 242 715 278 est
752 235 899 286 hostis,
940 236 1060 278 haud
1090 249 1212 277 secus
1244 232 1461 276 bacchan-

111 320 219 360 tium
247 313 597 368 ululantiumque
621 309 800 351 fremitu
826 308 1096 366 perterritus‚
1124 322 1257 364 quam
1286 306 1316 347 si
1337 321 1464 363 proe-

110 388 312 431 liantium
354 385 520 428 clamor
569 388 680 423 esset
727 382 912 422 auditus.
980 380 1151 421 Eadem
1183 377 1366 420 felicitas
1407 377 1461 418 ab

113 461 298 503 Oceano
338 461 603 499 revertentes
639 453 904 495 temulentos
940 452 1311 507 comissantesque
1351 450 1466 490 inter

114 548 190 574 ora
222 530 416 572 hostium
444 526 561 569 texit.

56 610 100 644 ¹9
193 603 306 644 Hinc
343 600 397 642 ad
434 598 670 655 regionem,
705 612 816 653 quae
842 595 1034 637 Daedala
1066 601 1261 645 vocatur,
1290 591 1532 651 perven-37

116 684 213 718 tum
244 680 320 716 est.
380 671 678 712 Deseruerant
716 668 885 709 incolae
929 668 1062 718 sedes,
1097 675 1141 709 et
1184 667 1228 709 in
1261 667 1379 708 avios
1407 665 1473 706 sil-

119 754 366 801 vestresque
396 749 570 783 montes
602 740 900 797 confugerant.
945 741 1062 798 Ergo
1085 740 1303 782 Acadira¹
1337 746 1474 779 trans-

58 819 175 866 zoit,
216 830 353 873 aeque
377 821 496 854 vasta
528 821 569 855 et
599 813 803 854 destituta
833 812 1119 855 incolentium
1150 810 1264 868 fuga.
1322 812 1476 867 Itaque

119 889 339 931 rationem
375 885 475 926 belli
512 886 743 927 necessitas
784 885 981 927 mutavit.
1055 883 1212 925 Divisis
1253 882 1371 924 enim
1409 896 1482 923 co-

123 961 216 1018 piis,
254 958 450 1016 pluribus
488 957 614 998 simul
650 957 755 999 locis
797 972 918 998 arma
954 956 1158 1003 ostendit,
1200 953 1481 1011 oppressique

123 1033 198 1075 ubi
230 1032 357 1073 n0n²
388 1036 718 1086 expectaverant
745 1029 931 1079 hostem,
961 1027 1082 1069 omni
1102 1027 1223 1069 clade
1246 1024 1484 1082 perdomiti

64 1122 107 1145 21
127 1111 241 1147 sunt.
312 1101 590 1144 Ptolemaeus
630 1100 840 1156 plurimas
882 1100 1035 1148 urbes,
1070 1098 1316 1139 Alexander
1355 1096 1487 1138 maxi„

128 1191 222 1218 mas
253 1173 390 1228 cepit:
422 1187 670 1228 rursusque,
701 1187 807 1228 quas
839 1171 1133 1220 distribuerat,
1167 1173 1315 1226 copias
1337 1169 1487 1212 iunxit.

70 1249 348 1303 zzSuperato
375 1243 534 1287 ,deinde
565 1242 769 1299 Choaspe
800 1258 944 1290 amne,
975 1242 1164 1284 Coenon
1194 1242 1239 1283 in
1262 1241 1492 1283 obsidione

131 1319 249 1360 urbis
285 1315 540 1373 opulentae,
589 1315 816 1366 (Beiram3
861 1314 1031 1356 incolae
1074 1317 1254 1365 vocant)
1298 1314 1494 1371 reliquit:

132 1392 223 1447 ipse
255 1389 308 1429 ad
322 1388 523 1443 Mazagas
541 1388 672 1428 venit.
710 1389 865 1444 Nuper
893 1387 1126 1433 Assacano,
1159 1387 1280 1427 cuius
1311 1401 1496 1443 regnum

134 1462 288 1511 fuerat,
319 1460 569 1510 demortuo,
595 1460 763 1516 regioni
788 1459 973 1516 urbique
1002 1465 1205 1514 praeerat
1232 1466 1375 1500 mater
1407 1459 1498 1500 eius

77 1533 395 1588 23Cleopl1is.4
435 1544 593 1573 xxxvm
631 1531 780 1573 milia⁵
826 1531 1026 1588 peditum
1055 1531 1296 1573 tuebantur
1328 1532 1499 1583 urbem,

141 1622 233 1648 non
264 1605 347 1646 situ
378 1605 533 1651 solum,
563 1604 638 1645 sed
672 1604 803 1644 etiam
834 1618 968 1660 opere
995 1603 1227 1645 munitam.
1271 1604 1387 1645 Nam
1415 1620 1501 1661 qua

143 1684 314 1735 spectat
353 1675 597 1726 Orientem,
631 1675 815 1732 cingitur
853 1691 982 1716 amne
1019 1675 1230 1725 torrenti,
1271 1675 1344 1733 qui
1381 1691 1506 1733 prae-

83 1749 285 1805 2ssruptis
323 1747 544 1804 utrimque
580 1747 681 1803 ripis
707 1748 876 1789 aditum
915 1749 968 1789 ad
1001 1748 1158 1789 urbem
1184 1748 1381 1805 impedit.
1435 1750 1507 1792 Ad

149 1821 444 1864 Occidentem
487 1827 532 1861 et
580 1837 600 1861 a
637 1819 822 1862 Meridie
862 1819 979 1860 velut
1027 1820 1080 1861 de
1123 1820 1336 1861 industria
1377 1836 1509 1879 rupes

149 1883 604 1950 praealtas'admolita
643 1900 797 1933 natura
838 1898 912 1941 est,
951 1891 1062 1933 infra
1093 1907 1197 1949 quas
1227 1908 1438 1935 cavernae
1468 1902 1513 1936 et

153 1963 379 2021 voragines
424 1963 551 2019 longa
596 1971 812 2005 vetustate
858 1963 902 2004 in
950 1963 1087 2005 altum
1130 1972 1306 2006 cavatae
1344 1965 1518 2018 iacent,

157 2051 330 2094 quaque
382 2034 604 2086 desinunt,
648 2036 763 2078 fossa
810 2035 995 2092 ingentis
1043 2036 1186 2092 operis
1226 2037 1398 2079 obiecta
1439 2048 1518 2082 est.

95 2132 142 2159 25
163 2121 273 2150 xxxv
297 2106 521 2149 stadium6
550 2123 701 2150 murus
723 2109 879 2150 urbem
913 2108 1231 2162 complectitur,
1264 2109 1385 2152 cuius
1414 2111 1522 2155 infe-

158 2182 276 2223 riora
320 2195 432 2231 saxo,
471 2179 696 2234 superiora
733 2181 869 2224 crudo
906 2180 1040 2222 latere
1081 2187 1181 2221 sunt
1206 2188 1385 2227 structa.
1441 2184 1524 2227 La-

163 2253 246 2296 teri
285 2251 510 2295 vinculum
549 2251 716 2309 lapides
745 2259 857 2302 sunt,
888 2268 998 2309 quos
1023 2253 1336 2309 interposuere,
1366 2263 1416 2297 ut
1447 2257 1526 2297 du-

166 2325 272 2367 riori
301 2324 513 2366 materiae
543 2323 704 2381 fragilis
739 2324 1029 2372 incumberet,
1060 2325 1275 2382 simulque
1305 2334 1421 2369 terra
1448 2327 1529 2370 hu-

103 2412 152 2442 26
169 2412 294 2439 more
326 2396 474 2439 diluta.
544 2397 613 2438 Ne
652 2404 803 2439 tamen
829 2397 1027 2439 universa
1060 2397 1321 2445 consideret,
1352 2398 1532 2455 imposi-

174 2519 191 2543 ¹
218 2517 402 2553 Acadera.
561 2516 582 2542 2
608 2517 671 2551 De
697 2519 934 2552 coniectura.
962 2517 1074 2552 Libri
1096 2530 1180 2552 mss.
1205 2517 1291 2552 urbi
1317 2529 1415 2560 non,
1442 2515 1531 2551 edd.

247 2571 350 2619 sere
379 2572 644 2616 oppressique,
673 2578 711 2604 et
738 2571 818 2618 qui.
934 2571 954 2600 3
983 2572 1170 2606 Beziram.
1275 2572 1298 2604 4
1324 2571 1531 2618 Cleophes.

259 2627 280 2655 5
303 2626 478 2671 Triginta
498 2626 632 2660 millia.
779 2624 801 2650 6
823 2625 958 2659 stadia.
