1703 2961
199 112 254 153 92
643 112 699 167 Q.
749 112 952 154 CUR'rn
983 112 1119 156 RUFI

201 240 282 266 nec
311 239 517 266 somnum
559 240 727 281 capere,
755 241 837 267 nec
870 225 1061 282 quietem
1091 225 1181 281 pati
1208 232 1399 281 poterat.
1464 227 1561 269 Mo-

202 297 259 336 do
292 313 312 337 e
341 298 439 353 iugo
478 297 641 337 montis
670 296 810 338 aciem
844 298 890 338 in
918 297 1118 338 dextrum
1149 298 1378 339 Persarum
1409 314 1557 341 cornu

200 369 430 409 demittere
458 369 658 421 agitabat,
688 368 823 409 modo
853 379 971 412 recta
1003 368 1148 410 fronte
1179 383 1441 411 concurrere
1477 371 1559 412 ho-

198 442 263 489 sti,
310 441 533 482 interdum
572 441 807 488 haesitare,
850 457 904 483 an
942 442 1085 499 potius
1140 441 1183 481 in
1212 440 1385 482 laevum
1413 443 1558 484 detor-

198 517 378 570 queret¹
424 527 593 566 agmen.
671 512 871 554 Tandem
913 520 1139 570 gravatum
1179 513 1312 554 animi
1343 515 1555 556 anxietate
1573 533 1615 559 ιτ

198 600 357 641 eorpus
388 585 515 625 altior
544 600 723 625 somnus
755 586 979 641 oppressit.

133 656 186 699 49
280 660 459 713 Iamque
509 656 607 699 luce
650 663 746 698 orta
794 657 925 698 duces
973 657 1028 698 ad
1074 657 1327 713 accipienda
1373 657 1554 715 imperia

194 736 504 776 convenerant,
543 728 714 770 insolito
763 729 879 770 eirca
918 729 1190 785 praetorium
1232 729 1402 770 silentio
1444 737 1553 772 atto-

192 801 291 842 niti:
330 800 491 857 quippe
528 800 630 841 alias
666 815 887 842 accersere
929 801 1067 856 ipsos,
1109 808 1153 841 et
1194 800 1416 842 interdum
1460 818 1615 845 mo-18

190 881 336 913 rantes
376 872 586 928 castigare
631 879 896 914 assueverat:
941 879 1046 913 tunc
1087 888 1142 913 ne
1182 872 1335 913 ultimo
1373 874 1551 931 quidem

189 960 338 986 rerum
380 943 631 985 discrimine
672 945 907 987 excitatum
947 960 1035 985 esse
1075 944 1360 995 mirabantur,
1388 953 1431 986 et
1459 961 1551 987 non

189 1032 347 1058 somno
377 1016 610 1073 quiescere,
643 1017 717 1058 sed
732 1032 894 1073 pavore
924 1031 1123 1058 marcere
1153 1017 1405 1058 credebant.
1450 1018 1554 1059 Non
1571 1035 1617 1065 19

187 1095 340 1130 tamen
393 1088 764 1144 quisquam,ex²
829 1089 1084 1130 custodibus
1145 1088 1342 1145 corporis
1390 1089 1551 1132 intrare

186 1160 518 1203 tabernaculum
585 1160 794 1201 audebat:
870 1168 913 1201 et
968 1145 1055 1201 iani
1116 1168 1290 1218 tempus
1345 1160 1548 1210 instabat,

185 1249 268 1276 nec
330 1232 452 1273 miles
511 1232 673 1273 iniussu
735 1231 857 1274 ducis
916 1239 990 1273 aut
1049 1246 1170 1273 arma
1224 1247 1380 1289 capere
1429 1239 1551 1289 pote-

184 1313 264 1355 rat,
292 1313 365 1348 aut
402 1305 447 1346 in
482 1304 656 1346 ordines
693 1304 766 1345 ire.
831 1303 920 1344 Diu
946 1304 1181 1345 Parmenio
1216 1310 1461 1352 cunctatus,
1494 1304 1550 1345 ci-
1566 1321 1615 1346 20

182 1378 292 1419 bum
322 1385 370 1419 ut
400 1383 618 1433 caperent,
662 1376 752 1432 ipse
791 1376 1062 1432 pronuntiat.
1124 1377 1305 1432 Iamque
1334 1374 1447 1415 exire
1477 1390 1551 1415 ne—

183 1465 299 1492 cesse
329 1457 441 1491 erat:
473 1455 580 1490 tunc
614 1447 794 1488 demum
824 1447 960 1488 intrat
989 1446 1336 1496 tabernaculum,
1364 1445 1551 1502 saepius-

178 1538 263 1579 que
294 1521 472 1562 nomine
504 1518 829 1574 compellatum,
860 1536 962 1561 cum
982 1533 1090 1560 voce
1108 1533 1199 1559 non
1227 1524 1386 1573 posset,
1424 1524 1547 1558 tactu

181 1592 394 1634 excitavit.
473 1592 625 1632 Multa
662 1593 753 1640 lux,
794 1590 950 1646 inquit,
993 1602 1077 1632 est:
1115 1595 1373 1632 instructam
1410 1592 1603 1632 aciemn

177 1668 322 1708 hostis
370 1666 597 1706 admovic:
643 1675 743 1705 tuus
791 1665 914 1703 miles
951 1666 1093 1704 adhuc
1129 1665 1304 1704 inermis
1338 1675 1546 1718 expectat

179 1740 417 1792 imperium.
478 1737 567 1777 Ubi
601 1746 668 1776 est
701 1739 832 1789 vigor
865 1737 938 1776 ille
967 1738 1101 1776 animi
1128 1739 1226 1777 tui?
1254 1753 1402 1790 nempe
1431 1740 1543 1777 exci-

179 1823 274 1853 tare
308 1811 468 1863 vigiles
495 1810 620 1850 soles.
687 1806 757 1848 Ad
786 1806 894 1847 haec
933 1808 1192 1849 Alexander:
1225 1809 1444 1858 Credisne,
1474 1826 1599 1850 mezz

177 1887 301 1939 prius
336 1898 529 1925 somnum
561 1896 710 1937 capere
743 1882 952 1933 potuisse,
993 1896 1121 1935 quam
1152 1896 1426 1922 exonerarem
1453 1885 1543 1923 ani-

178 1973 290 1997 mum
328 1957 635 2003 sollicitudine,
672 1969 779 2009 quae
812 1955 998 2008 quietem
1035 1955 1316 1996 morabatur?
1353 1953 1542 2011 signum-

177 2044 261 2084 que
289 2042 459 2084 pugnae
501 2026 608 2068 tuba
649 2025 740 2067 dari
790 2024 924 2066 iussit.
985 2025 1045 2066 Et
1077 2041 1178 2068 cum
1205 2027 1250 2067 in
1282 2026 1437 2067 eadem
1468 2027 1604 2068 ad-23

175 2098 411 2140 miratione
458 2098 694 2140 Parmenio
739 2104 1059 2152 perseveraret,
1106 2098 1226 2153 quod
1263 2097 1455 2139 solutum
1493 2114 1538 2139 se

177 2171 290 2212 curis
320 2185 527 2211 somnum
569 2170 733 2226 cepisse
769 2168 952 2218 dixisset,
982 2171 998 2197 ³
1040 2172 1234 2219 Minime,
1272 2169 1424 2224 inquit,
1462 2174 1535 2210 mi-

175 2260 268 2285 rum
299 2253 391 2283 est:
425 2258 504 2296 ego
544 2244 669 2291 enim,
707 2257 799 2282 cum
837 2244 1017 2283 Dareus
1055 2253 1215 2284 terram
1238 2246 1261 2270 4
1297 2252 1452 2294 ureret,
1481 2247 1546 2284 vi-

177 2333 250 2359 cos
292 2316 553 2364 excinderet,
580 2317 595 2342 ⁵
651 2315 857 2356 alimenta
906 2325 1213 2370 corrumperet,
1263 2326 1417 2368 potens
1452 2319 1537 2357 mei

177 2405 261 2437 uon
291 2403 427 2429 eram:
459 2403 567 2429 nunc
606 2402 710 2429 vero
745 2389 854 2444 quid
896 2397 1095 2438 metuam,
1133 2403 1226 2428 cum
1271 2389 1363 2428 acie
1390 2389 1592 2438 decer-24

173 2558 191 2587 1
218 2563 423 2602 torqueret.
557 2556 578 2583 2
607 2566 639 2590 e.
806 2554 826 2584 3
856 2555 959 2600 quod
984 2568 1135 2593 securus
1159 2567 1338 2593 somnum
1356 2557 1527 2605 cepisset.

261 2613 284 2645 4
311 2617 439 2646 terras.
639 2610 660 2638 5
688 2609 890 2644 excideret.
