1703 2961
419 87 501 128 DE
550 85 762 129 GES'rls
798 86 967 129 ALEX.
998 88 1073 138 Vl,
1102 89 1167 129 12.
1401 91 1478 136 267

116 203 240 244 Idem
275 199 355 241 alio
397 197 505 241 coeli
542 205 656 240 statu
687 197 842 254 recipit
878 199 922 240 in
951 214 996 241 se
1024 199 1198 251 fretum,
1229 201 1475 259 eodemque

113 274 290 329 impetu,
347 286 434 327 quo
487 271 677 313 effusum
719 277 795 317 est,
833 270 1042 321 relabens,
1082 279 1246 312 terram
1290 281 1472 316 naturae

111 359 210 386 suae
238 343 396 384 reddit.
448 343 508 384 Et
537 343 715 399 quidam
748 342 985 390 credidere,
1017 358 1107 384 non
1139 343 1350 400 Caspium
1376 362 1466 387 ma-

0 461 9 475 Η
108 429 154 456 re
181 430 284 462 esse,
314 415 388 455 sed
428 430 477 455 ex
514 414 635 455 India
673 413 715 454 in
749 414 1015 470 Hyrcaniam
1046 414 1215 464 cadere,
1255 416 1376 457 cuius
1403 417 1465 458 fa-

0 476 10 544 Ξ
105 485 291 541 stigium,
330 494 378 527 ut
412 501 541 542 supra
581 485 747 527 dictum
780 493 856 535 est,
886 493 1098 543 perpetua
1128 487 1235 528 valle
1265 489 1465 530 summit-

98 558 218 598 titur.

0 634 9 687 pi
39 644 86 670 20
180 630 293 671 Hinc
326 645 398 672 rex
428 643 482 672 xx
516 630 652 671 stadia
687 629 896 687 processit
935 628 1088 670 semita
1127 631 1456 687 propemodum
1471 636 1523 677 13

99 702 236 750 invia,
277 702 344 743 cui
395 702 495 744 silva
543 703 823 752 imminebat,
873 707 1178 759 torrentesque
1218 694 1262 745 et
1299 703 1459 747 eluvies

96 774 178 815 iter
202 775 504 817 morabantur.
552 774 682 816 Nullo
705 782 854 816 tamen
881 773 1008 815 hoste
1034 773 1177 822 obvio,
1203 782 1418 832 penetrat,
1437 781 1451 802 ¹

0 839 9 913 Β
35 860 78 886 21
95 846 361 902 tandemque
389 846 442 887 ad
486 846 690 886 ulteriora
722 853 981 901 perventum
1017 852 1091 887 est.
1146 846 1325 888 Praeter
1350 847 1456 890 alios

92 926 379 968 commeatus,
421 932 610 974 quorum
651 926 746 958 tum
776 918 902 974 copia
932 917 1050 974 regio
1081 917 1349 966 abundabat.
1375 935 1454 976 po-

89 1005 266 1031 morum
308 1005 483 1047 quoque
510 990 657 1045 ingens
687 990 847 1031 modus
875 990 1079 1038 nascitur,
1104 996 1149 1030 et
1178 989 1452 1032 uberrimum

0 1007 73 1105 ἱππ
89 1062 313 1120 gignendis
359 1062 450 1103 uvis
489 1062 630 1103 solum
682 1068 758 1102 est.
837 1061 1061 1119 Frequens
1109 1061 1243 1102 arbor
1287 1062 1449 1105 faciem

60 1147 275 1192 quercus
304 1133 450 1181 habet,
493 1133 614 1174 cuius
651 1132 751 1173 folia
777 1133 918 1174 multo
947 1132 1075 1174 melle
1105 1132 1344 1189 tinguntur,
1372 1134 1446 1176 sed

85 1207 164 1248 nisi
196 1206 294 1248 solis
323 1212 472 1247 ortum
513 1204 680 1245 incolae
722 1205 1047 1261 occupaverint,
1084 1205 1151 1246 vel
1181 1206 1362 1249 modico
1387 1213 1450 1249 te-

81 1277 189 1335 pore
221 1292 376 1320 succus
404 1277 681 1334 extinguitur.

19 1361 67 1392 2³
161 1363 248 1390 xxx
278 1349 381 1392 hinc
410 1350 551 1393 stadia
583 1356 868 1405 processerat,
901 1364 1003 1391 cum
1031 1348 1384 1406 Phrataphernes
1407 1349 1445 1391 ei

83 1423 287 1473 occurrit,
323 1437 454 1478 seque
491 1429 535 1463 et
562 1437 647 1471 eos,
681 1422 752 1479 qui
787 1428 886 1477 post
913 1420 1048 1462 Darei
1073 1429 1267 1463 mortem
1296 1421 1444 1478 profu-

82 1502 246 1551 gerant,
279 1493 462 1535 dedens:
504 1494 660 1551 quibus
689 1494 873 1549 benigne
908 1493 1110 1549 exceptis,
1140 1493 1195 1535 ad
1224 1493 1441 1550 oppidum

80 1566 216 1606 Arvas
253 1565 464 1622 pervenit.
531 1566 615 1608 Hic
659 1566 696 1607 ci
734 1565 943 1607 Craterus
975 1572 1018 1606 et
1049 1565 1248 1621 Erigyius
1287 1580 1442 1608 occur-

21 1642 193 1678 24runt.
251 1635 532 1677 Praefectum
569 1638 852 1694 Tapurorum
888 1635 1024 1693 gentis
1060 1636 1328 1679 Phradatem
1367 1637 1441 1680 ad-

81 1708 302 1749 duxerant.
360 1708 444 1750 Hic
476 1724 652 1766 quoque
681 1709 726 1750 in
750 1707 884 1750 fidem
899 1715 1102 1765 receptus
1119 1708 1269 1750 multis
1298 1723 1440 1751 exem-

16 1795 60 1824 2⁵
76 1780 148 1836 plo
178 1778 263 1820 fuit
300 1780 548 1836 experiendi
586 1780 868 1823 clementiam
905 1781 1028 1840 regis.
1084 1781 1334 1839 Satrapen²
1366 1780 1440 1822 de-

78 1851 179 1892 inde
227 1851 474 1909 Hyrcaniae
519 1854 640 1896 dedit
679 1854 910 1910 Manapin:
925 1855 944 1882 ³
988 1853 1082 1895 exul
1119 1852 1192 1896 hic
1226 1859 1438 1910 regnante

77 1922 210 1965 Ocho
236 1923 291 1965 ad
330 1923 584 1982 Philippum
617 1933 896 1982 pervenerat:
933 1926 1216 1983 Tapurorum
1256 1940 1434 1985 quoque

72 2004 250 2052 gentem
277 1995 485 2038 Phradati
521 1997 726 2040 reddidit.

21 2079 60 2112 V.
155 2069 374 2125 Iamque4
410 2068 562 2111 ultima
610 2070 858 2127 Hyrcaniae
892 2069 1141 2120 intraverat,
1170 2083 1270 2111 cum
1304 2067 1430 2108 Arta·
1444 2062 1498 2111 14

75 2140 220 2190 bazus‚
258 2154 391 2198 quem
426 2141 575 2182 Dareo
613 2140 871 2183 fidissimum
908 2142 1036 2183 fuisse
1075 2156 1204 2197 supra
1233 2139 1431 2189 diximus,

75 2226 176 2253 cum
203 2212 462 2270 propinquis
487 2213 620 2255 Darei
648 2230 698 2256 ac
729 2215 814 2256 suis
841 2214 986 2256 liberis
1010 2213 1274 2270 modicaque
1298 2211 1434 2253 Grae-

20 2301 41 2326 2
76 2298 230 2325 corum
260 2283 448 2325 militum
481 2300 616 2326 manu
649 2287 855 2328 occurrit.
909 2287 1120 2327 Dextram
1149 2284 1337 2326 venienti
1358 2284 1434 2324 ob·

74 2354 174 2396 tulit
202 2369 293 2396 rex:
323 2355 484 2414 quippe
517 2364 561 2399 et
587 2358 746 2415 hospes
775 2357 964 2416 Philippi
995 2357 1152 2410 fuerat,
1178 2372 1281 2400 cum
1298 2354 1431 2398 Ocho

0 2486 2 2569 i
75 2528 94 2553 1
119 2529 344 2575 penetravit.
633 2532 654 2558 2
677 2533 888 2581 Satrapem.
1176 2533 1197 2564 3
1222 2521 1442 2578 Menapimf

161 2584 184 2615 4
207 2582 395 2618 adiicitur
416 2595 494 2620 tex.
