<?xml version="1.0" encoding="UTF-8"?>
<!DOCTYPE html PUBLIC "-//W3C//DTD XHTML 1.0 Transitional//EN"
    "http://www.w3.org/TR/xhtml1/DTD/xhtml1-transitional.dtd">
<html xmlns="http://www.w3.org/1999/xhtml" xml:lang="en" lang="en">
 <head>
  <title>
</title>
<meta http-equiv="Content-Type" content="text/html;charset=utf-8" />
  <meta name='ocr-system' content='tesseract 3.04.00' />
  <meta name='ocr-capabilities' content='ocr_page ocr_carea ocr_par ocr_line ocrx_word'/>
</head>
<body>
  <div class='ocr_page' id='page_1' title='image "./degestisalexandr00curtuoft_0075.png"; bbox 0 0 1703 2961; ppageno 0'>
   <div class='ocr_carea' id='block_1_1' title="bbox 0 99 1411 269">
    <p class='ocr_par' dir='ltr' id='par_1_1' title="bbox 0 99 1411 269">
     <span class='ocr_line' id='line_1_1' title="bbox 0 99 1411 269; baseline -0.001 -40"><span class='ocrx_word' id='word_1_1' title='bbox 0 99 4 269; x_wconf 64' lang='grc' dir='ltr'>Ξ</span> <span class='ocrx_word' id='word_1_2' title='bbox 376 187 455 227; x_wconf 76' lang='lat' dir='ltr'>1)ss</span> <span class='ocrx_word' id='word_1_3' title='bbox 497 183 707 227; x_wconf 75' lang='lat' dir='ltr'><strong>GESTIS</strong></span> <span class='ocrx_word' id='word_1_4' title='bbox 736 185 900 226; x_wconf 85' lang='lat' dir='ltr'>ALEX.</span> <span class='ocrx_word' id='word_1_5' title='bbox 940 185 1012 232; x_wconf 86' lang='lat'>111,</span> <span class='ocrx_word' id='word_1_6' title='bbox 1046 186 1111 229; x_wconf 79' lang='lat'>31.</span> <span class='ocrx_word' id='word_1_7' title='bbox 1358 188 1411 230; x_wconf 80' lang='lat'>35</span> 
     </span>
    </p>
   </div>
   <div class='ocr_carea' id='block_1_2' title="bbox 0 294 1466 1215">
    <p class='ocr_par' dir='ltr' id='par_1_2' title="bbox 60 294 1409 359">
     <span class='ocr_line' id='line_1_2' title="bbox 60 294 1409 359; baseline 0 -16"><span class='ocrx_word' id='word_1_8' title='bbox 60 301 187 359; x_wconf 85' lang='lat' dir='ltr'>ptivis</span> <span class='ocrx_word' id='word_1_9' title='bbox 209 297 503 357; x_wconf 82' lang='lat' dir='ltr'>spadonibus¹</span> <span class='ocrx_word' id='word_1_10' title='bbox 539 294 632 352; x_wconf 86' lang='lat' dir='ltr'>quis</span> <span class='ocrx_word' id='word_1_11' title='bbox 647 294 890 337; x_wconf 79' lang='lat' dir='ltr'>Alexander</span> <span class='ocrx_word' id='word_1_12' title='bbox 920 302 1028 337; x_wconf 87' lang='lat' dir='ltr'>esset</span> <span class='ocrx_word' id='word_1_13' title='bbox 1054 300 1409 353; x_wconf 80' lang='lat' dir='ltr'>monstrantibus,</span> 
     </span>
    </p>

    <p class='ocr_par' dir='ltr' id='par_1_3' title="bbox 60 367 1407 430">
     <span class='ocr_line' id='line_1_3' title="bbox 60 367 1407 430; baseline 0 -16"><span class='ocrx_word' id='word_1_14' title='bbox 60 371 320 430; x_wconf 79' lang='lat' dir='ltr'>Sisygambis</span> <span class='ocrx_word' id='word_1_15' title='bbox 370 368 570 411; x_wconf 78' lang='lat' dir='ltr'>advoluta</span> <span class='ocrx_word' id='word_1_16' title='bbox 618 374 682 408; x_wconf 90' lang='lat' dir='ltr'>est</span> <span class='ocrx_word' id='word_1_17' title='bbox 723 368 906 424; x_wconf 86' lang='lat' dir='ltr'>pedibus</span> <span class='ocrx_word' id='word_1_18' title='bbox 941 367 1050 417; x_wconf 87' lang='lat' dir='ltr'>eius,</span> <span class='ocrx_word' id='word_1_19' title='bbox 1087 368 1407 424; x_wconf 75' lang='lat' dir='ltr'>ignorationem</span> 
     </span>
    </p>

    <p class='ocr_par' dir='ltr' id='par_1_4' title="bbox 0 439 1466 1215">
     <span class='ocr_line' id='line_1_4' title="bbox 56 439 1407 501; baseline 0.001 -16"><span class='ocrx_word' id='word_1_20' title='bbox 56 459 283 501; x_wconf 85' lang='lat' dir='ltr'>nunquam</span> <span class='ocrx_word' id='word_1_21' title='bbox 328 449 454 482; x_wconf 76' lang='lat' dir='ltr'>antea</span> <span class='ocrx_word' id='word_1_22' title='bbox 490 439 566 481; x_wconf 87' lang='lat' dir='ltr'>visi</span> <span class='ocrx_word' id='word_1_23' title='bbox 595 439 705 496; x_wconf 78' lang='lat' dir='ltr'>regis</span> <span class='ocrx_word' id='word_1_24' title='bbox 736 454 949 482; x_wconf 89' lang='lat' dir='ltr'>excusans.</span> <span class='ocrx_word' id='word_1_25' title='bbox 1012 440 1157 494; x_wconf 84' lang='lat' dir='ltr'>Quam</span> <span class='ocrx_word' id='word_1_26' title='bbox 1186 458 1320 485; x_wconf 88' lang='lat' dir='ltr'>manu</span> <span class='ocrx_word' id='word_1_27' title='bbox 1349 446 1407 486; x_wconf 85' lang='lat' dir='ltr'>al·</span> 
     </span>
     <span class='ocr_line' id='line_1_5' title="bbox 1 511 1406 573; baseline 0.002 -17"><span class='ocrx_word' id='word_1_28' title='bbox 1 564 3 573; x_wconf 31' lang='lat'><strong>⁴</strong></span> <span class='ocrx_word' id='word_1_29' title='bbox 54 514 198 556; x_wconf 88' lang='lat' dir='ltr'>levans</span> <span class='ocrx_word' id='word_1_30' title='bbox 236 530 327 563; x_wconf 80' lang='lat' dir='ltr'>rex,</span> <span class='ocrx_word' id='word_1_31' title='bbox 377 529 459 555; x_wconf 86' lang='lat' dir='ltr'>non</span> <span class='ocrx_word' id='word_1_32' title='bbox 488 513 657 561; x_wconf 75' lang='lat' dir='ltr'><em>errasti,</em></span> <span class='ocrx_word' id='word_1_33' title='bbox 697 511 854 568; x_wconf 86' lang='lat' dir='ltr'>inquit,</span> <span class='ocrx_word' id='word_1_34' title='bbox 918 523 1080 563; x_wconf 75' lang='lat' dir='ltr'>macer,</span> <span class='ocrx_word' id='word_1_35' title='bbox 1121 530 1216 555; x_wconf 82' lang='lat' dir='ltr'>nam</span> <span class='ocrx_word' id='word_1_36' title='bbox 1252 528 1296 558; x_wconf 68' lang='lat' dir='ltr'>ec</span> <span class='ocrx_word' id='word_1_37' title='bbox 1334 520 1406 559; x_wconf 76' lang='lat' dir='ltr'>hio</span> 
     </span>
     <span class='ocr_line' id='line_1_6' title="bbox 0 577 402 641; baseline -0.005 -9"><span class='ocrx_word' id='word_1_38' title='bbox 0 577 5 641; x_wconf 65' lang='lat' dir='ltr'>i</span> <span class='ocrx_word' id='word_1_39' title='bbox 49 590 297 631; x_wconf 77' lang='lat' dir='ltr'><em>Alexander</em></span> <span class='ocrx_word' id='word_1_40' title='bbox 323 597 402 630; x_wconf 80' lang='lat' dir='ltr'>esc.</span> 
     </span>
     <span class='ocr_line' id='line_1_7' title="bbox 0 648 1466 717; baseline 0.001 -17"><span class='ocrx_word' id='word_1_41' title='bbox 0 648 38 707; x_wconf 65' lang='lat' dir='ltr'>ie</span> <span class='ocrx_word' id='word_1_42' title='bbox 126 660 345 717; x_wconf 83' lang='lat' dir='ltr'>Equidem</span> <span class='ocrx_word' id='word_1_43' title='bbox 380 657 462 699; x_wconf 90' lang='lat' dir='ltr'>hac</span> <span class='ocrx_word' id='word_1_44' title='bbox 503 655 772 698; x_wconf 85' lang='lat' dir='ltr'>continentia</span> <span class='ocrx_word' id='word_1_45' title='bbox 815 655 961 706; x_wconf 90' lang='lat' dir='ltr'>animi,</span> <span class='ocrx_word' id='word_1_46' title='bbox 992 656 1025 698; x_wconf 87' lang='lat' dir='ltr'>si</span> <span class='ocrx_word' id='word_1_47' title='bbox 1047 658 1068 682; x_wconf 90' lang='lat'>²</span> <span class='ocrx_word' id='word_1_48' title='bbox 1103 657 1157 698; x_wconf 86' lang='lat' dir='ltr'>ad</span> <span class='ocrx_word' id='word_1_49' title='bbox 1197 659 1466 704; x_wconf 79' lang='lat' dir='ltr'>ultimum32</span> 
     </span>
     <span class='ocr_line' id='line_1_8' title="bbox 0 710 1403 788; baseline 0.001 -16"><span class='ocrx_word' id='word_1_50' title='bbox 0 710 7 766; x_wconf 68' lang='lat' dir='ltr'>i</span> <span class='ocrx_word' id='word_1_51' title='bbox 50 731 162 773; x_wconf 88' lang='lat' dir='ltr'>vitae</span> <span class='ocrx_word' id='word_1_52' title='bbox 193 742 464 788; x_wconf 84' lang='lat' dir='ltr'>perseverare</span> <span class='ocrx_word' id='word_1_53' title='bbox 494 728 716 784; x_wconf 87' lang='lat' dir='ltr'>potuisset,</span> <span class='ocrx_word' id='word_1_54' title='bbox 748 727 990 770; x_wconf 84' lang='lat' dir='ltr'>feliciorem</span> <span class='ocrx_word' id='word_1_55' title='bbox 1017 727 1146 770; x_wconf 86' lang='lat' dir='ltr'>fuisse</span> <span class='ocrx_word' id='word_1_56' title='bbox 1167 731 1403 784; x_wconf 86' lang='lat' dir='ltr'>crederem,</span> 
     </span>
     <span class='ocr_line' id='line_1_9' title="bbox 0 775 1405 862; baseline 0.001 -18"><span class='ocrx_word' id='word_1_57' title='bbox 0 775 6 862; x_wconf 74' lang='grc' dir='ltr'>Ι</span> <span class='ocrx_word' id='word_1_58' title='bbox 51 818 185 860; x_wconf 88' lang='lat' dir='ltr'>quam</span> <span class='ocrx_word' id='word_1_59' title='bbox 231 802 344 844; x_wconf 84' lang='lat' dir='ltr'>visus</span> <span class='ocrx_word' id='word_1_60' title='bbox 393 808 456 841; x_wconf 88' lang='lat' dir='ltr'>est</span> <span class='ocrx_word' id='word_1_61' title='bbox 506 816 606 851; x_wconf 80' lang='lat' dir='ltr'>esse,</span> <span class='ocrx_word' id='word_1_62' title='bbox 658 816 760 843; x_wconf 90' lang='lat' dir='ltr'>eum</span> <span class='ocrx_word' id='word_1_63' title='bbox 806 799 950 841; x_wconf 87' lang='lat' dir='ltr'>Liberi</span> <span class='ocrx_word' id='word_1_64' title='bbox 991 800 1122 856; x_wconf 87' lang='lat' dir='ltr'>patris</span> <span class='ocrx_word' id='word_1_65' title='bbox 1159 801 1405 846; x_wconf 85' lang='lat' dir='ltr'>imitaretur</span> 
     </span>
     <span class='ocr_line' id='line_1_10' title="bbox 3 870 1405 932; baseline 0.001 -16"><span class='ocrx_word' id='word_1_66' title='bbox 3 870 6 932; x_wconf 70' lang='grc' dir='ltr'>Ι</span> <span class='ocrx_word' id='word_1_67' title='bbox 50 874 338 932; x_wconf 85' lang='lat' dir='ltr'>triumphum,</span> <span class='ocrx_word' id='word_1_68' title='bbox 369 887 504 929; x_wconf 86' lang='lat' dir='ltr'>usque</span> <span class='ocrx_word' id='word_1_69' title='bbox 537 872 590 913; x_wconf 86' lang='lat' dir='ltr'>ab</span> <span class='ocrx_word' id='word_1_70' title='bbox 606 871 888 928; x_wconf 87' lang='lat' dir='ltr'>Hellesponto</span> <span class='ocrx_word' id='word_1_71' title='bbox 914 871 931 898; x_wconf 83' lang='lat'>3</span> <span class='ocrx_word' id='word_1_72' title='bbox 968 871 1022 912; x_wconf 84' lang='lat' dir='ltr'>ad</span> <span class='ocrx_word' id='word_1_73' title='bbox 1054 871 1283 916; x_wconf 87' lang='lat' dir='ltr'>Oceanum</span> <span class='ocrx_word' id='word_1_74' title='bbox 1312 892 1405 918; x_wconf 87' lang='lat' dir='ltr'>om-</span> 
     </span>
     <span class='ocr_line' id='line_1_11' title="bbox 0 931 1401 1003; baseline 0.001 -14"><span class='ocrx_word' id='word_1_75' title='bbox 0 931 127 990; x_wconf 49' lang='grc' dir='ltr'>ιΝιθε</span> <span class='ocrx_word' id='word_1_76' title='bbox 156 953 304 1003; x_wconf 75' lang='lat' dir='ltr'>gentes</span> <span class='ocrx_word' id='word_1_77' title='bbox 345 944 523 986; x_wconf 85' lang='lat' dir='ltr'>victoria</span> <span class='ocrx_word' id='word_1_78' title='bbox 566 957 777 985; x_wconf 88' lang='lat' dir='ltr'>emensus.</span> <span class='ocrx_word' id='word_1_79' title='bbox 846 942 917 985; x_wconf 89' lang='lat' dir='ltr'>Sic</span> <span class='ocrx_word' id='word_1_80' title='bbox 941 945 964 970; x_wconf 83' lang='lat'>4</span> <span class='ocrx_word' id='word_1_81' title='bbox 1001 942 1168 986; x_wconf 87' lang='lat' dir='ltr'>vicisset</span> <span class='ocrx_word' id='word_1_82' title='bbox 1198 946 1401 1002; x_wconf 83' lang='lat' dir='ltr'>profecto</span> 
     </span>
     <span class='ocr_line' id='line_1_12' title="bbox 49 1013 1402 1074; baseline 0.001 -14"><span class='ocrx_word' id='word_1_83' title='bbox 49 1018 298 1074; x_wconf 83' lang='lat' dir='ltr'>superbiam</span> <span class='ocrx_word' id='word_1_84' title='bbox 337 1023 467 1073; x_wconf 87' lang='lat' dir='ltr'>atque</span> <span class='ocrx_word' id='word_1_85' title='bbox 511 1015 632 1064; x_wconf 87' lang='lat' dir='ltr'>iram,</span> <span class='ocrx_word' id='word_1_86' title='bbox 670 1014 783 1055; x_wconf 87' lang='lat' dir='ltr'>mala</span> <span class='ocrx_word' id='word_1_87' title='bbox 821 1013 1004 1055; x_wconf 85' lang='lat' dir='ltr'>invicta:</span> <span class='ocrx_word' id='word_1_88' title='bbox 1042 1013 1146 1056; x_wconf 77' lang='lat' dir='ltr'>sic⁴</span> <span class='ocrx_word' id='word_1_89' title='bbox 1178 1017 1402 1062; x_wconf 80' lang='lat' dir='ltr'>abstinuis-</span> 
     </span>
     <span class='ocr_line' id='line_1_13' title="bbox 0 1079 1399 1144; baseline -0.001 -14"><span class='ocrx_word' id='word_1_90' title='bbox 0 1079 9 1136; x_wconf 51' lang='grc' dir='ltr'>ὃ</span> <span class='ocrx_word' id='word_1_91' title='bbox 47 1096 113 1131; x_wconf 86' lang='lat' dir='ltr'>set</span> <span class='ocrx_word' id='word_1_92' title='bbox 141 1089 255 1129; x_wconf 88' lang='lat' dir='ltr'>inter</span> <span class='ocrx_word' id='word_1_93' title='bbox 287 1087 432 1144; x_wconf 86' lang='lat' dir='ltr'>epulas</span> <span class='ocrx_word' id='word_1_94' title='bbox 461 1087 664 1128; x_wconf 89' lang='lat' dir='ltr'>caedibus</span> <span class='ocrx_word' id='word_1_95' title='bbox 693 1085 952 1135; x_wconf 81' lang='lat' dir='ltr'>amicorum,</span> <span class='ocrx_word' id='word_1_96' title='bbox 982 1085 1257 1144; x_wconf 72' lang='lat' dir='ltr'>egregiosque</span> <span class='ocrx_word' id='word_1_97' title='bbox 1285 1091 1399 1134; x_wconf 86' lang='lat' dir='ltr'>bello</span> 
     </span>
     <span class='ocr_line' id='line_1_14' title="bbox 47 1156 1401 1215; baseline 0.001 -15"><span class='ocrx_word' id='word_1_98' title='bbox 47 1159 171 1209; x_wconf 89' lang='lat' dir='ltr'>viros,</span> <span class='ocrx_word' id='word_1_99' title='bbox 203 1166 247 1200; x_wconf 88' lang='lat' dir='ltr'>et</span> <span class='ocrx_word' id='word_1_100' title='bbox 275 1165 343 1200; x_wconf 88' lang='lat' dir='ltr'>tot</span> <span class='ocrx_word' id='word_1_101' title='bbox 379 1159 574 1215; x_wconf 79' lang='lat' dir='ltr'>gentium</span> <span class='ocrx_word' id='word_1_102' title='bbox 604 1172 726 1200; x_wconf 88' lang='lat' dir='ltr'>secus</span> <span class='ocrx_word' id='word_1_103' title='bbox 766 1156 1028 1208; x_wconf 84' lang='lat' dir='ltr'>domitores,</span> <span class='ocrx_word' id='word_1_104' title='bbox 1067 1158 1232 1202; x_wconf 87' lang='lat' dir='ltr'>indicta</span> <span class='ocrx_word' id='word_1_105' title='bbox 1273 1177 1401 1206; x_wconf 83' lang='lat' dir='ltr'>causa</span> 
     </span>
    </p>
   </div>
   <div class='ocr_carea' id='block_1_3' title="bbox 0 938 8 1078">
    <p class='ocr_par' dir='ltr' id='par_1_5' title="bbox 0 938 8 1078">
     <span class='ocr_line' id='line_1_15' title="bbox 0 938 8 1078; baseline 0 1883"><span class='ocrx_word' id='word_1_106' title='bbox 0 938 8 1078; x_wconf 95' lang='lat' dir='ltr'> </span> 
     </span>
    </p>
   </div>
   <div class='ocr_carea' id='block_1_4' title="bbox 0 1140 19 2023">
    <p class='ocr_par' dir='ltr' id='par_1_6' title="bbox 0 1140 19 2023">
     <span class='ocr_line' id='line_1_16' title="bbox 0 1140 9 1206; baseline 0 1755"><span class='ocrx_word' id='word_1_107' title='bbox 0 1140 9 1206; x_wconf 95' lang='lat' dir='ltr'> </span> 
     </span>
     <span class='ocr_line' id='line_1_17' title="bbox 0 1571 19 2023; baseline 0 -104"><span class='ocrx_word' id='word_1_108' title='bbox 0 1571 19 2023; x_wconf 95' lang='lat' dir='ltr'>      </span> 
     </span>
    </p>
   </div>
   <div class='ocr_carea' id='block_1_5' title="bbox 0 1228 1402 2363">
    <p class='ocr_par' dir='ltr' id='par_1_7' title="bbox 0 1228 1402 1502">
     <span class='ocr_line' id='line_1_18' title="bbox 0 1228 1402 1279; baseline 0.004 -8"><span class='ocrx_word' id='word_1_109' title='bbox 0 1231 210 1279; x_wconf 67' lang='lat' dir='ltr'>,overitus</span> <span class='ocrx_word' id='word_1_110' title='bbox 249 1238 359 1278; x_wconf 86' lang='lat' dir='ltr'>esset</span> <span class='ocrx_word' id='word_1_111' title='bbox 399 1230 613 1272; x_wconf 90' lang='lat' dir='ltr'>occidere.</span> <span class='ocrx_word' id='word_1_112' title='bbox 678 1229 767 1272; x_wconf 90' lang='lat' dir='ltr'>Sed</span> <span class='ocrx_word' id='word_1_113' title='bbox 799 1229 1000 1277; x_wconf 90' lang='lat' dir='ltr'>nondum</span> <span class='ocrx_word' id='word_1_114' title='bbox 1027 1228 1207 1274; x_wconf 85' lang='lat' dir='ltr'>fortuna</span> <span class='ocrx_word' id='word_1_115' title='bbox 1238 1249 1282 1275; x_wconf 90' lang='lat' dir='ltr'>se</span> <span class='ocrx_word' id='word_1_116' title='bbox 1312 1236 1402 1277; x_wconf 87' lang='lat' dir='ltr'>ani-</span> 
     </span>
     <span class='ocr_line' id='line_1_19' title="bbox 46 1301 1400 1359; baseline 0.003 -15"><span class='ocrx_word' id='word_1_117' title='bbox 46 1318 122 1344; x_wconf 88' lang='lat' dir='ltr'>mo</span> <span class='ocrx_word' id='word_1_118' title='bbox 155 1303 244 1345; x_wconf 86' lang='lat' dir='ltr'>eius</span> <span class='ocrx_word' id='word_1_119' title='bbox 281 1301 604 1359; x_wconf 86' lang='lat' dir='ltr'>superfuderat:</span> <span class='ocrx_word' id='word_1_120' title='bbox 628 1303 644 1329; x_wconf 83' lang='lat'><em>⁵</em></span> <span class='ocrx_word' id='word_1_121' title='bbox 692 1301 838 1358; x_wconf 87' lang='lat' dir='ltr'>itaque</span> <span class='ocrx_word' id='word_1_122' title='bbox 872 1301 1089 1343; x_wconf 88' lang='lat' dir='ltr'>orientem</span> <span class='ocrx_word' id='word_1_123' title='bbox 1127 1318 1225 1346; x_wconf 88' lang='lat' dir='ltr'>eam</span> <span class='ocrx_word' id='word_1_124' title='bbox 1250 1307 1400 1348; x_wconf 88' lang='lat' dir='ltr'>mode-</span> 
     </span>
     <span class='ocr_line' id='line_1_20' title="bbox 47 1372 1399 1432; baseline 0.005 -18"><span class='ocrx_word' id='word_1_125' title='bbox 47 1381 155 1422; x_wconf 13' lang='lat' dir='ltr'>rate!</span> <span class='ocrx_word' id='word_1_126' title='bbox 182 1382 226 1416; x_wconf 91' lang='lat' dir='ltr'>et</span> <span class='ocrx_word' id='word_1_127' title='bbox 263 1374 506 1431; x_wconf 85' lang='lat' dir='ltr'>prudenter</span> <span class='ocrx_word' id='word_1_128' title='bbox 550 1372 667 1424; x_wconf 88' lang='lat' dir='ltr'>tulit,</span> <span class='ocrx_word' id='word_1_129' title='bbox 723 1373 779 1415; x_wconf 82' lang='lat' dir='ltr'>ad</span> <span class='ocrx_word' id='word_1_130' title='bbox 811 1373 1015 1416; x_wconf 85' lang='lat' dir='ltr'>ultimum</span> <span class='ocrx_word' id='word_1_131' title='bbox 1050 1376 1399 1432; x_wconf 79' lang='lat' dir='ltr'>magnitudinem</span> 
     </span>
     <span class='ocr_line' id='line_1_21' title="bbox 47 1445 423 1502; baseline -0.003 -15"><span class='ocrx_word' id='word_1_132' title='bbox 47 1445 136 1488; x_wconf 90' lang='lat' dir='ltr'>eius</span> <span class='ocrx_word' id='word_1_133' title='bbox 164 1461 255 1487; x_wconf 90' lang='lat' dir='ltr'>non</span> <span class='ocrx_word' id='word_1_134' title='bbox 294 1445 423 1502; x_wconf 85' lang='lat' dir='ltr'>cepit.</span> 
     </span>
    </p>

    <p class='ocr_par' dir='ltr' id='par_1_8' title="bbox 15 1516 1399 1575">
     <span class='ocr_line' id='line_1_22' title="bbox 15 1516 1399 1575; baseline 0.001 -15"><span class='ocrx_word' id='word_1_135' title='bbox 15 1538 30 1560; x_wconf 85' lang='lat' dir='ltr'>t</span> <span class='ocrx_word' id='word_1_136' title='bbox 120 1519 245 1560; x_wconf 89' lang='lat' dir='ltr'>Tunc</span> <span class='ocrx_word' id='word_1_137' title='bbox 270 1520 290 1544; x_wconf 81' lang='lat'><strong><em>⁶</em></strong></span> <span class='ocrx_word' id='word_1_138' title='bbox 334 1518 511 1575; x_wconf 89' lang='lat' dir='ltr'>quidem</span> <span class='ocrx_word' id='word_1_139' title='bbox 552 1516 611 1558; x_wconf 82' lang='lat' dir='ltr'>ita</span> <span class='ocrx_word' id='word_1_140' title='bbox 639 1533 682 1558; x_wconf 87' lang='lat' dir='ltr'>se</span> <span class='ocrx_word' id='word_1_141' title='bbox 720 1517 867 1573; x_wconf 82' lang='lat' dir='ltr'>gessit,</span> <span class='ocrx_word' id='word_1_142' title='bbox 906 1523 956 1557; x_wconf 88' lang='lat' dir='ltr'>ut</span> <span class='ocrx_word' id='word_1_143' title='bbox 986 1531 1140 1559; x_wconf 87' lang='lat' dir='ltr'>omnes</span> <span class='ocrx_word' id='word_1_144' title='bbox 1170 1526 1270 1561; x_wconf 86' lang='lat' dir='ltr'>ante</span> <span class='ocrx_word' id='word_1_145' title='bbox 1297 1535 1399 1562; x_wconf 89' lang='lat' dir='ltr'>eum</span> 
     </span>
    </p>

    <p class='ocr_par' dir='ltr' id='par_1_9' title="bbox 45 1587 1399 1648">
     <span class='ocr_line' id='line_1_23' title="bbox 45 1587 1399 1648; baseline 0.004 -19"><span class='ocrx_word' id='word_1_146' title='bbox 45 1602 165 1646; x_wconf 75' lang='lat' dir='ltr'>reges</span> <span class='ocrx_word' id='word_1_147' title='bbox 194 1596 239 1630; x_wconf 86' lang='lat' dir='ltr'>et</span> <span class='ocrx_word' id='word_1_148' title='bbox 270 1588 538 1631; x_wconf 85' lang='lat' dir='ltr'>continentia</span> <span class='ocrx_word' id='word_1_149' title='bbox 566 1595 610 1628; x_wconf 89' lang='lat' dir='ltr'>et</span> <span class='ocrx_word' id='word_1_150' title='bbox 638 1588 868 1631; x_wconf 84' lang='lat' dir='ltr'>clementia</span> <span class='ocrx_word' id='word_1_151' title='bbox 890 1587 1095 1629; x_wconf 84' lang='lat' dir='ltr'>vinceret.</span> <span class='ocrx_word' id='word_1_152' title='bbox 1123 1592 1143 1614; x_wconf 88' lang='lat'>⁷</span> <span class='ocrx_word' id='word_1_153' title='bbox 1199 1591 1399 1648; x_wconf 77' lang='lat' dir='ltr'>Virgines</span> 
     </span>
    </p>

    <p class='ocr_par' dir='ltr' id='par_1_10' title="bbox 15 1658 1399 1861">
     <span class='ocr_line' id='line_1_24' title="bbox 45 1658 1398 1720; baseline 0.004 -20"><span class='ocrx_word' id='word_1_154' title='bbox 45 1660 213 1716; x_wconf 78' lang='lat' dir='ltr'>reginas</span> <span class='ocrx_word' id='word_1_155' title='bbox 239 1660 254 1685; x_wconf 77' lang='lat'><strong>⁸</strong></span> <span class='ocrx_word' id='word_1_156' title='bbox 299 1658 545 1701; x_wconf 88' lang='lat' dir='ltr'>excellentis</span> <span class='ocrx_word' id='word_1_157' title='bbox 574 1658 745 1700; x_wconf 88' lang='lat' dir='ltr'>formae</span> <span class='ocrx_word' id='word_1_158' title='bbox 770 1667 864 1700; x_wconf 87' lang='lat' dir='ltr'>tam</span> <span class='ocrx_word' id='word_1_159' title='bbox 890 1664 1037 1699; x_wconf 86' lang='lat' dir='ltr'>sancte</span> <span class='ocrx_word' id='word_1_160' title='bbox 1067 1658 1232 1713; x_wconf 88' lang='lat' dir='ltr'>habuit,</span> <span class='ocrx_word' id='word_1_161' title='bbox 1264 1679 1398 1720; x_wconf 89' lang='lat' dir='ltr'>quam</span> 
     </span>
     <span class='ocr_line' id='line_1_25' title="bbox 15 1729 1398 1792; baseline 0.003 -20"><span class='ocrx_word' id='word_1_162' title='bbox 15 1732 79 1774; x_wconf 70' lang='lat' dir='ltr'>asi</span> <span class='ocrx_word' id='word_1_163' title='bbox 111 1732 270 1774; x_wconf 88' lang='lat' dir='ltr'>eodem</span> <span class='ocrx_word' id='word_1_164' title='bbox 310 1746 398 1788; x_wconf 88' lang='lat' dir='ltr'>quo</span> <span class='ocrx_word' id='word_1_165' title='bbox 441 1730 532 1787; x_wconf 87' lang='lat' dir='ltr'>ipse</span> <span class='ocrx_word' id='word_1_166' title='bbox 560 1738 740 1787; x_wconf 87' lang='lat' dir='ltr'>parente</span> <span class='ocrx_word' id='word_1_167' title='bbox 768 1730 938 1788; x_wconf 81' lang='lat' dir='ltr'>genitae</span> <span class='ocrx_word' id='word_1_168' title='bbox 970 1729 1138 1771; x_wconf 83' lang='lat' dir='ltr'>forent:</span> <span class='ocrx_word' id='word_1_169' title='bbox 1167 1734 1398 1792; x_wconf 75' lang='lat' dir='ltr'>coniugem</span> 
     </span>
     <span class='ocr_line' id='line_1_26' title="bbox 46 1801 1399 1861; baseline 0.003 -16"><span class='ocrx_word' id='word_1_170' title='bbox 46 1804 254 1854; x_wconf 87' lang='lat' dir='ltr'>eiusdem,</span> <span class='ocrx_word' id='word_1_171' title='bbox 291 1818 426 1861; x_wconf 90' lang='lat' dir='ltr'>quam</span> <span class='ocrx_word' id='word_1_172' title='bbox 466 1802 582 1843; x_wconf 90' lang='lat' dir='ltr'>nulla</span> <span class='ocrx_word' id='word_1_173' title='bbox 621 1803 773 1844; x_wconf 85' lang='lat' dir='ltr'>aetatis</span> <span class='ocrx_word' id='word_1_174' title='bbox 807 1817 908 1844; x_wconf 86' lang='lat' dir='ltr'>suae</span> <span class='ocrx_word' id='word_1_175' title='bbox 949 1801 1275 1858; x_wconf 84' lang='lat' dir='ltr'>pulchritudine</span> <span class='ocrx_word' id='word_1_176' title='bbox 1304 1822 1399 1849; x_wconf 88' lang='lat' dir='ltr'>cor·</span> 
     </span>
    </p>

    <p class='ocr_par' dir='ltr' id='par_1_11' title="bbox 18 1873 1400 1932">
     <span class='ocr_line' id='line_1_27' title="bbox 18 1873 1400 1932; baseline 0.003 -16"><span class='ocrx_word' id='word_1_177' title='bbox 18 1875 162 1932; x_wconf 57' lang='lat' dir='ltr'>*poris</span> <span class='ocrx_word' id='word_1_178' title='bbox 200 1876 317 1925; x_wconf 88' lang='lat' dir='ltr'>vicit,</span> <span class='ocrx_word' id='word_1_179' title='bbox 349 1875 467 1916; x_wconf 78' lang='lat' dir='ltr'>adeo</span> <span class='ocrx_word' id='word_1_180' title='bbox 496 1874 585 1931; x_wconf 84' lang='lat' dir='ltr'>ipse</span> <span class='ocrx_word' id='word_1_181' title='bbox 613 1890 705 1916; x_wconf 90' lang='lat' dir='ltr'>non</span> <span class='ocrx_word' id='word_1_182' title='bbox 735 1873 920 1923; x_wconf 86' lang='lat' dir='ltr'>violavit,</span> <span class='ocrx_word' id='word_1_183' title='bbox 951 1880 1000 1914; x_wconf 91' lang='lat' dir='ltr'>ut</span> <span class='ocrx_word' id='word_1_184' title='bbox 1028 1888 1248 1917; x_wconf 85' lang='lat' dir='ltr'>summam</span> <span class='ocrx_word' id='word_1_185' title='bbox 1278 1877 1400 1920; x_wconf 89' lang='lat' dir='ltr'>adhi-</span> 
     </span>
    </p>

    <p class='ocr_par' dir='ltr' id='par_1_12' title="bbox 17 1945 1398 2004">
     <span class='ocr_line' id='line_1_28' title="bbox 17 1945 1398 2004; baseline 0.001 -14"><span class='ocrx_word' id='word_1_186' title='bbox 17 1945 188 1990; x_wconf 83' lang='lat' dir='ltr'>3buerit</span> <span class='ocrx_word' id='word_1_187' title='bbox 230 1947 403 1997; x_wconf 85' lang='lat' dir='ltr'>curam,</span> <span class='ocrx_word' id='word_1_188' title='bbox 474 1962 530 1988; x_wconf 90' lang='lat' dir='ltr'>ne</span> <span class='ocrx_word' id='word_1_189' title='bbox 585 1947 679 2004; x_wconf 90' lang='lat' dir='ltr'>quis</span> <span class='ocrx_word' id='word_1_190' title='bbox 731 1945 903 2003; x_wconf 80' lang='lat' dir='ltr'>captivo</span> <span class='ocrx_word' id='word_1_191' title='bbox 951 1947 1128 2002; x_wconf 87' lang='lat' dir='ltr'>corpori</span> <span class='ocrx_word' id='word_1_192' title='bbox 1178 1948 1398 1991; x_wconf 86' lang='lat' dir='ltr'>illuderet:</span> 
     </span>
    </p>

    <p class='ocr_par' dir='ltr' id='par_1_13' title="bbox 44 2016 1398 2363">
     <span class='ocr_line' id='line_1_29' title="bbox 45 2016 1398 2076; baseline 0.004 -17"><span class='ocrx_word' id='word_1_193' title='bbox 45 2033 226 2060; x_wconf 90' lang='lat' dir='ltr'>omnem</span> <span class='ocrx_word' id='word_1_194' title='bbox 246 2018 413 2061; x_wconf 89' lang='lat' dir='ltr'>cultum</span> <span class='ocrx_word' id='word_1_195' title='bbox 440 2018 564 2060; x_wconf 88' lang='lat' dir='ltr'>reddi</span> <span class='ocrx_word' id='word_1_196' title='bbox 584 2017 756 2059; x_wconf 82' lang='lat' dir='ltr'>feminis</span> <span class='ocrx_word' id='word_1_197' title='bbox 787 2016 917 2066; x_wconf 87' lang='lat' dir='ltr'>iussit,</span> <span class='ocrx_word' id='word_1_198' title='bbox 948 2031 1030 2059; x_wconf 88' lang='lat' dir='ltr'>nec</span> <span class='ocrx_word' id='word_1_199' title='bbox 1069 2018 1306 2076; x_wconf 89' lang='lat' dir='ltr'>quicquam</span> <span class='ocrx_word' id='word_1_200' title='bbox 1348 2038 1398 2064; x_wconf 84' lang='lat' dir='ltr'>ex</span> 
     </span>
     <span class='ocr_line' id='line_1_30' title="bbox 44 2088 1398 2147; baseline 0.004 -17"><span class='ocrx_word' id='word_1_201' title='bbox 44 2090 250 2147; x_wconf 86' lang='lat' dir='ltr'>pristinae</span> <span class='ocrx_word' id='word_1_202' title='bbox 276 2090 480 2132; x_wconf 84' lang='lat' dir='ltr'>fortunae</span> <span class='ocrx_word' id='word_1_203' title='bbox 512 2088 832 2145; x_wconf 76' lang='lat' dir='ltr'>magnificentia</span> <span class='ocrx_word' id='word_1_204' title='bbox 875 2088 1062 2144; x_wconf 88' lang='lat' dir='ltr'>captivis,</span> <span class='ocrx_word' id='word_1_205' title='bbox 1090 2099 1265 2146; x_wconf 89' lang='lat' dir='ltr'>praeter</span> <span class='ocrx_word' id='word_1_206' title='bbox 1290 2092 1398 2135; x_wconf 88' lang='lat' dir='ltr'>fidu-</span> 
     </span>
     <span class='ocr_line' id='line_1_31' title="bbox 46 2159 1397 2218; baseline 0.004 -16"><span class='ocrx_word' id='word_1_207' title='bbox 46 2161 173 2210; x_wconf 87' lang='lat' dir='ltr'>ciam,</span> <span class='ocrx_word' id='word_1_208' title='bbox 206 2161 356 2205; x_wconf 84' lang='lat' dir='ltr'>defuit.</span> <span class='ocrx_word' id='word_1_209' title='bbox 413 2163 564 2218; x_wconf 84' lang='lat' dir='ltr'>Itaque</span> <span class='ocrx_word' id='word_1_210' title='bbox 598 2159 873 2216; x_wconf 51' lang='lat' dir='ltr'>Skygambis,</span> <span class='ocrx_word' id='word_1_211' title='bbox 903 2176 992 2209; x_wconf 80' lang='lat' dir='ltr'>rex,</span> <span class='ocrx_word' id='word_1_212' title='bbox 1023 2160 1180 2218; x_wconf 86' lang='lat' dir='ltr'>inquit,</span> <span class='ocrx_word' id='word_1_213' title='bbox 1208 2170 1397 2213; x_wconf 76' lang='lat' dir='ltr'>mereris,</span> 
     </span>
     <span class='ocr_line' id='line_1_32' title="bbox 44 2234 1396 2292; baseline 0.004 -18"><span class='ocrx_word' id='word_1_214' title='bbox 44 2244 94 2274; x_wconf 73' lang='lat' dir='ltr'>uc</span> <span class='ocrx_word' id='word_1_215' title='bbox 140 2250 191 2274; x_wconf 81' lang='lat' dir='ltr'>ea</span> <span class='ocrx_word' id='word_1_216' title='bbox 236 2250 452 2289; x_wconf 81' lang='lat' dir='ltr'>precentur</span> <span class='ocrx_word' id='word_1_217' title='bbox 501 2234 607 2281; x_wconf 70' lang='lat' dir='ltr'>cibi,</span> <span class='ocrx_word' id='word_1_218' title='bbox 653 2248 761 2287; x_wconf 79' lang='lat' dir='ltr'>quae</span> <span class='ocrx_word' id='word_1_219' title='bbox 797 2234 952 2275; x_wconf 81' lang='lat' dir='ltr'>Dareo</span> <span class='ocrx_word' id='word_1_220' title='bbox 997 2245 1146 2278; x_wconf 75' lang='lat' dir='ltr'>nostro</span> <span class='ocrx_word' id='word_1_221' title='bbox 1181 2240 1396 2292; x_wconf 77' lang='lat' dir='ltr'>quondam</span> 
     </span>
     <span class='ocr_line' id='line_1_33' title="bbox 44 2308 1395 2363; baseline 0.002 -17"><span class='ocrx_word' id='word_1_222' title='bbox 44 2316 246 2360; x_wconf 71' lang='lat' dir='ltr'>precahae</span> <span class='ocrx_word' id='word_1_223' title='bbox 283 2324 446 2348; x_wconf 83' lang='lat' dir='ltr'>sumus:</span> <span class='ocrx_word' id='word_1_224' title='bbox 483 2317 540 2354; x_wconf 77' lang='lat' dir='ltr'>ec,</span> <span class='ocrx_word' id='word_1_225' title='bbox 571 2317 621 2346; x_wconf 63' lang='lat' dir='ltr'>zet</span> <span class='ocrx_word' id='word_1_226' title='bbox 657 2308 802 2356; x_wconf 72' lang='lat' dir='ltr'>video,</span> <span class='ocrx_word' id='word_1_227' title='bbox 837 2309 993 2360; x_wconf 79' lang='lat' dir='ltr'>dignus</span> <span class='ocrx_word' id='word_1_228' title='bbox 1031 2323 1087 2356; x_wconf 84' lang='lat' dir='ltr'>es,</span> <span class='ocrx_word' id='word_1_229' title='bbox 1127 2312 1203 2363; x_wconf 75' lang='lat' dir='ltr'>qui</span> <span class='ocrx_word' id='word_1_230' title='bbox 1228 2321 1395 2352; x_wconf 71' lang='lat' dir='ltr'>cantum</span> 
     </span>
    </p>
   </div>
   <div class='ocr_carea' id='block_1_6' title="bbox 43 2378 1394 2439">
    <p class='ocr_par' dir='ltr' id='par_1_14' title="bbox 43 2378 1394 2439">
     <span class='ocr_line' id='line_1_34' title="bbox 43 2378 1394 2439; baseline 0.006 -21"><span class='ocrx_word' id='word_1_231' title='bbox 43 2393 182 2430; x_wconf 80' lang='lat' dir='ltr'>regem</span> <span class='ocrx_word' id='word_1_232' title='bbox 216 2395 298 2422; x_wconf 81' lang='lat' dir='ltr'>non</span> <span class='ocrx_word' id='word_1_233' title='bbox 321 2378 552 2438; x_wconf 70' lang='lat' dir='ltr'>felicitate</span> <span class='ocrx_word' id='word_1_234' title='bbox 585 2380 734 2430; x_wconf 83' lang='lat' dir='ltr'>solum,</span> <span class='ocrx_word' id='word_1_235' title='bbox 772 2382 848 2421; x_wconf 79' lang='lat' dir='ltr'>sed</span> <span class='ocrx_word' id='word_1_236' title='bbox 876 2381 1009 2421; x_wconf 71' lang='lat' dir='ltr'>eciam.</span> <span class='ocrx_word' id='word_1_237' title='bbox 1030 2384 1249 2436; x_wconf 73' lang='lat' dir='ltr'>aequitate</span> <span class='ocrx_word' id='word_1_238' title='bbox 1275 2400 1394 2439; x_wconf 81' lang='lat' dir='ltr'>supe-</span> 
     </span>
    </p>
   </div>
   <div class='ocr_carea' id='block_1_7' title="bbox 47 2502 1398 2649">
    <p class='ocr_par' dir='ltr' id='par_1_15' title="bbox 47 2502 1398 2649">
     <span class='ocr_line' id='line_1_35' title="bbox 47 2502 1396 2551; baseline 0.007 -17"><span class='ocrx_word' id='word_1_239' title='bbox 47 2502 65 2528; x_wconf 79' lang='lat'>1</span> <span class='ocrx_word' id='word_1_240' title='bbox 89 2502 324 2548; x_wconf 76' lang='lat' dir='ltr'>spadonibus</span> <span class='ocrx_word' id='word_1_241' title='bbox 351 2505 521 2551; x_wconf 76' lang='lat' dir='ltr'>captivis·</span> <span class='ocrx_word' id='word_1_242' title='bbox 703 2505 724 2531; x_wconf 86' lang='lat'><em>2</em></span> <span class='ocrx_word' id='word_1_243' title='bbox 749 2506 938 2551; x_wconf 82' lang='lat' dir='ltr'>Equidem</span> <span class='ocrx_word' id='word_1_244' title='bbox 974 2508 1003 2540; x_wconf 83' lang='lat' dir='ltr'>si</span> <span class='ocrx_word' id='word_1_245' title='bbox 1028 2506 1101 2541; x_wconf 76' lang='lat' dir='ltr'>hac</span> <span class='ocrx_word' id='word_1_246' title='bbox 1133 2515 1236 2542; x_wconf 86' lang='lat' dir='ltr'>cont.</span> <span class='ocrx_word' id='word_1_247' title='bbox 1264 2509 1396 2543; x_wconf 77' lang='lat' dir='ltr'>animi.</span> 
     </span>
     <span class='ocr_line' id='line_1_36' title="bbox 133 2555 1398 2608; baseline 0.006 -20"><span class='ocrx_word' id='word_1_248' title='bbox 133 2555 152 2584; x_wconf 87' lang='grc'>3</span> <span class='ocrx_word' id='word_1_249' title='bbox 181 2557 228 2589; x_wconf 75' lang='lat' dir='ltr'>ab</span> <span class='ocrx_word' id='word_1_250' title='bbox 254 2557 505 2603; x_wconf 79' lang='lat' dir='ltr'>Hellesponto</span> <span class='ocrx_word' id='word_1_251' title='bbox 533 2569 664 2602; x_wconf 84' lang='lat' dir='ltr'>usque.</span> <span class='ocrx_word' id='word_1_252' title='bbox 757 2561 779 2592; x_wconf 92' lang='lat'>4</span> <span class='ocrx_word' id='word_1_253' title='bbox 804 2561 866 2593; x_wconf 61' lang='lat' dir='ltr'>Ex</span> <span class='ocrx_word' id='word_1_254' title='bbox 895 2560 1040 2594; x_wconf 80' lang='lat' dir='ltr'>emend.</span> <span class='ocrx_word' id='word_1_255' title='bbox 1073 2560 1188 2594; x_wconf 76' lang='lat' dir='ltr'>codd.</span> <span class='ocrx_word' id='word_1_256' title='bbox 1214 2563 1261 2604; x_wconf 73' lang='lat' dir='ltr'>si,</span> <span class='ocrx_word' id='word_1_257' title='bbox 1291 2563 1398 2608; x_wconf 75' lang='lat' dir='ltr'>vulgo</span> 
     </span>
     <span class='ocr_line' id='line_1_37' title="bbox 133 2608 1395 2649; baseline 0.006 -7"><span class='ocrx_word' id='word_1_258' title='bbox 133 2608 254 2643; x_wconf 78' lang='lat' dir='ltr'>abest.</span> <span class='ocrx_word' id='word_1_259' title='bbox 403 2612 422 2638; x_wconf 89' lang='grc'><em>5</em></span> <span class='ocrx_word' id='word_1_260' title='bbox 450 2611 655 2647; x_wconf 76' lang='lat' dir='ltr'>infuderat.</span> <span class='ocrx_word' id='word_1_261' title='bbox 807 2611 828 2637; x_wconf 84' lang='lat'><em>6</em></span> <span class='ocrx_word' id='word_1_262' title='bbox 852 2620 943 2647; x_wconf 83' lang='lat' dir='ltr'>tum.</span> <span class='ocrx_word' id='word_1_263' title='bbox 1096 2614 1113 2641; x_wconf 86' lang='grc'>7</span> <span class='ocrx_word' id='word_1_264' title='bbox 1142 2615 1395 2649; x_wconf 80' lang='lat' dir='ltr'>vincerentur.</span> 
     </span>
    </p>
   </div>
   <div class='ocr_carea' id='block_1_8' title="bbox 136 2662 657 2710">
    <p class='ocr_par' dir='ltr' id='par_1_16' title="bbox 136 2662 657 2710">
     <span class='ocr_line' id='line_1_38' title="bbox 136 2662 657 2710; baseline 0.002 -13"><span class='ocrx_word' id='word_1_265' title='bbox 136 2662 155 2690; x_wconf 86' lang='lat'>8</span> <span class='ocrx_word' id='word_1_266' title='bbox 183 2663 345 2710; x_wconf 72' lang='lat' dir='ltr'>virgines</span> <span class='ocrx_word' id='word_1_267' title='bbox 374 2664 500 2698; x_wconf 86' lang='lat' dir='ltr'>enim</span> <span class='ocrx_word' id='word_1_268' title='bbox 525 2664 657 2710; x_wconf 79' lang='lat' dir='ltr'>regias.</span> 
     </span>
    </p>
   </div>
   <div class='ocr_carea' id='block_1_9' title="bbox 1038 2726 1132 2770">
    <p class='ocr_par' dir='ltr' id='par_1_17' title="bbox 1038 2726 1132 2770">
     <span class='ocr_line' id='line_1_39' title="bbox 1038 2726 1132 2770; baseline -0.043 0"><span class='ocrx_word' id='word_1_269' title='bbox 1038 2726 1132 2770; x_wconf 87' lang='lat' dir='ltr'>C2</span> 
     </span>
    </p>
   </div>
  </div>
 </body>
</html>
