1703 2961
216 127 270 174 74
666 130 722 184 Q.
755 128 961 172 CURTu
989 130 1130 173 Rom

213 240 493 282 multitudine
524 241 732 297 implevit.
805 241 941 283 Fama
971 251 1047 291 est,
1085 258 1188 285 cum
1216 258 1292 286 rex
1318 246 1436 288 urbis
1459 247 1575 288 futu—
1605 256 1628 285 6
1699 262 1702 301 ζ

213 328 287 352 rae
323 327 474 358 muros
505 314 698 370 polenta,
729 318 741 339 ¹
787 321 835 353 ut
871 314 1172 357 Macedonum
1211 331 1309 358 mos
1339 326 1417 367 est,
1448 320 1576 361 desti-

212 391 368 432 nasset,
398 385 542 426 avium
571 401 719 442 greges
745 386 978 435 advolasse,
1010 394 1052 427 et
1079 387 1260 443 polenta
1289 403 1379 431 esse
1407 399 1574 446 pastas:

212 472 402 512 cumque
451 458 493 499 id
543 473 678 499 omen
713 473 795 513 pro
832 458 943 500 tristi
983 474 1005 499 a
1043 458 1261 516 plerisque
1302 469 1414 503 esset
1452 479 1574 506 acce·

207 537 351 584 ptum,
390 530 663 586 respondisse
703 537 835 580 vates,
871 546 1077 586 magnam
1109 532 1228 572 illam
1260 533 1417 575 urbem
1447 536 1573 577 adve—

206 615 365 642 narum
403 602 700 659 frequentiam
746 602 985 651 culturam,
1030 604 1264 660 multisque
1309 620 1410 646 eam
1444 607 1572 648 terris
1696 590 1700 647 l

206 672 413 715 alimenta
442 674 755 731 praebituram.
1696 658 1699 667 Ἰ

139 739 193 784 34
285 746 463 802 Regem,
493 762 596 788 cum
627 747 820 789 secundo
849 747 966 788 amni
992 750 1012 772 ²
1045 747 1272 797 deflueret,
1300 750 1467 807 assequi
1499 766 1570 792 cu·
1603 766 1619 790 7

202 816 326 873 piens
357 818 537 870 Hector,
574 819 876 862 Parmenionis
916 819 1038 869 filius,
1068 820 1226 862 eximio
1259 823 1412 864 aetatis
1443 822 1566 870 flore,

202 888 246 928 in
275 890 426 946 paucis
454 891 701 934 Alexandro
733 906 869 940 carus,
903 906 1086 948 parvum
1115 893 1336 949 navigium
1361 909 1568 936 conscen-

201 960 278 1010 dit,
315 962 522 1018 pluribus,
564 980 700 1022 quam
741 979 897 1020 capere
939 971 1098 1020 posset,
1130 964 1358 1021 impositis.
1413 966 1566 1022 Itaque
1600 978 1618 1005 α

199 1049 341 1075 mersa
382 1036 503 1077 navis
541 1051 696 1078 omnes
728 1036 942 1079 destituit:
970 1036 1151 1084 Hector,
1183 1037 1257 1078 diu
1287 1038 1458 1084 flumini
1490 1038 1566 1078 ob-

199 1106 400 1158 luctatus,
444 1124 547 1150 cum
584 1109 767 1150 madens
804 1110 932 1150 vestis
971 1117 1016 1150 et
1053 1109 1249 1150 adstricti
1278 1110 1464 1167 crepidis
1493 1125 1566 1166 pe-

199 1179 274 1221 des
304 1187 458 1222 natare
498 1181 808 1237 prohiberent,
846 1181 892 1222 in
929 1181 1071 1237 ripam
1112 1189 1262 1222 tamen
1298 1182 1564 1223 semianimis

198 1252 344 1302 evasit,
382 1260 426 1294 et
455 1261 505 1295 ut
534 1255 730 1311 primum
758 1253 963 1309 fatigatus
995 1253 1197 1309 spiritum
1227 1253 1395 1303 laxavit,
1428 1268 1563 1310 quem

194 1333 341 1366 metus
396 1333 438 1368 et
494 1326 740 1382 periculum
789 1325 1051 1375 intenderat,
1078 1325 1094 1352 ³
1155 1326 1274 1366 nullo
1329 1325 1562 1367 adiuvante

196 1398 380 1454 (quippe
427 1398 472 1439 in
518 1398 736 1440 diversum
781 1405 1007 1438 evaserant
1046 1397 1132 1449 alii)
1172 1398 1443 1439 exanimatus
1486 1387 1561 1438 est.

192 1469 353 1511 Amissi
381 1473 404 1497 ⁴
444 1471 534 1512 eius
572 1469 787 1511 desiderio
826 1468 1111 1510 vehementer
1149 1469 1336 1511 afflictus
1373 1476 1457 1520 est,
1497 1483 1562 1510 re·
1591 1484 1612 1515 9

191 1550 458 1600 pertumque
491 1557 652 1598 corpus
683 1540 917 1597 magnifico
942 1540 1095 1582 extulit
1122 1540 1292 1585 funere.

272 1615 489 1658 Oneravit
521 1614 641 1656 hunc
677 1613 879 1656 dolorem
909 1614 1087 1654 nuntius
1117 1613 1274 1654 mortis
1312 1612 1560 1654 Androma—

191 1687 276 1736 chi,
317 1703 448 1744 quem
481 1687 755 1744 praefecerat
792 1684 962 1741 Syriae:
997 1685 1146 1726 vivum
1187 1685 1432 1727 Samaritae
1469 1699 1558 1726 cre-

187 1766 427 1801 maverant.
495 1759 566 1802 Ad
607 1759 728 1801 cuius
770 1757 996 1798 interitum
1027 1757 1356 1801 vindicandum,
1390 1764 1552 1814 quanta
1570 1773 1617 1797 10

187 1833 378 1873 maxima
430 1830 651 1874 celeritate
689 1829 859 1886 potuit,
921 1828 1169 1872 contendit:
1222 1828 1556 1885 advenientique

188 1913 290 1946 sunt
321 1903 470 1945 traditi
502 1901 613 1943 tanti
641 1901 813 1943 sceleris
836 1908 1049 1942 auctores.
1093 1899 1412 1942 Andromacho
1438 1901 1615 1943 dein-11

188 1978 242 2018 de
276 1978 520 2019 Memnona
559 1974 808 2023 substituit,
857 1972 1116 2029 affectisque
1143 1974 1159 1999 ⁵
1202 1972 1437 2029 supplicio,
1478 1974 1554 2031 qui

186 2057 442 2106 praetorem
475 2048 810 2096 interemerant,
850 2053 1074 2103 tyrannos,
1113 2045 1228 2086 inter
1267 2060 1378 2103 quos
1401 2047 1422 2072 ⁶
1460 2046 1554 2089 Me-

185 2123 532 2179 thymnaeorum
572 2118 874 2160 Aristonicum
909 2125 952 2159 et
994 2116 1301 2175 Chrysolaum,
1331 2119 1552 2176 populari-

185 2194 268 2235 bus
298 2193 383 2236 suis
420 2192 617 2235 tradidit:
653 2206 763 2249 quos
801 2191 858 2231 illi
882 2194 901 2217 ⁷
942 2191 999 2232 ob
1036 2191 1216 2232 iniurias
1257 2198 1396 2233 tortos
1423 2207 1550 2234 neca-

182 2275 353 2308 verunt.

266 2336 604 2379 Atheniensium
644 2334 823 2393 deinde,
883 2332 1166 2376 Rhodiorum
1190 2336 1205 2362 ⁸
1249 2342 1293 2377 et
1333 2333 1552 2378 Chiorum
1570 2354 1616 2379 η
1675 2344 1677 2390 j

186 2473 202 2496 1
229 2472 290 2506 De
325 2471 485 2503 conici-t.
533 2466 658 2512 Vulgo
694 2466 829 2499 suturis
866 2465 982 2499 muris
1008 2467 1222 2512 polentam.
1252 2465 1375 2502 Codd.
1405 2471 1445 2502 in
1471 2477 1548 2502 eer-

276 2521 554 2557 minatiorzilms
577 2521 704 2553 verhb.
732 2523 875 2553 mirum
903 2530 1090 2566 quantum
1115 2523 1282 2555 variant.
1380 2522 1401 2548 2
1425 2534 1547 2556 amne.

275 2580 292 2607 3
320 2576 579 2610 intenderant.
685 2577 706 2606 4
734 2576 838 2608 Rex
865 2575 1005 2608 amissi.
1113 2576 1132 2603 5
1157 2575 1315 2610 affecti&
1419 2576 1440 2601 ⁶
1468 2588 1546 2610 eos.

275 2633 292 2659 7
318 2630 483 2665 additur
509 2642 529 2663 e
558 2629 688 2663 muris.
891 2630 909 2657 8
934 2629 1271 2675 Rhodiorumque.
