1703 2961
139 2429 194 2472 63

229 128 308 169 106
572 147 576 150 »
678 126 733 183 Q.
765 114 969 171 CUR'rn
998 129 1136 173 mim

226 241 298 283 sed
328 257 382 282 ne
412 242 552 281 amnis
595 241 773 298 quidem
807 242 1008 298 capiebat
1038 244 1209 297 agmina
1240 259 1314 287 sua
1342 246 1585 302 improvide

225 315 409 356 subinde
448 314 738 356 cumulantes:
775 314 937 370 quippe
977 314 1051 356 ubi
1089 315 1267 358 intravit
1306 318 1474 360 animos
1511 335 1585 375 pa-

224 404 316 435 vor,
347 385 390 429 id
420 387 561 428 solum
592 390 810 435 metuunt,
841 386 959 443 quod
994 388 1190 443 primum
1218 388 1458 432 formidare
1488 408 1587 433 coe-

222 468 397 518 perunt.
468 460 722 507 Alexander,
758 459 1019 501 instantibus
1064 460 1168 509 suis,
1207 460 1385 517 impune
1425 462 1646 507 abeun-ia
1699 468 1703 503 ¹.

220 542 312 593 tem
342 533 517 574 hostem
545 531 822 590 permitteret
845 531 981 590 sequi,
1004 536 1016 557 ¹
1051 531 1227 574 hebetia
1257 549 1346 574 esse
1373 533 1503 584 tela‚²
1541 542 1585 576 et

219 605 378 646 manus
413 605 625 661 fatigatas,
665 611 877 660 tantoque
908 619 1038 645 cursu
1070 620 1258 662 corpora
1290 605 1508 657 exhausta,
1542 615 1585 648 et·

220 693 431 734 praeceps
463 677 506 718 in
537 684 718 718 noctem
750 675 832 718 diei
852 683 1035 734 ‘tempus
1065 686 1265 719 causatus
1299 685 1372 719 est.
1416 679 1581 721 Revera
1602 677 1648 725 19'
1701 698 1703 737 3

220 751 274 791 de
302 750 427 791 laevo
466 765 618 798 cornu,
658 749 779 806 quod
819 748 963 791 adhuc
1000 750 1045 790 in
1087 750 1179 791 acie
1217 758 1330 792 stare
1361 752 1581 803 credebat,

218 822 438 881 sollicitus,
469 823 628 877 reverti
659 823 713 863 ad
745 821 975 863 ferendam
1006 837 1138 878 opem
1153 823 1239 864 suis
1265 823 1426 865 statuit.
1467 828 1583 865 Iam-

217 911 300 952 que
341 896 459 953 signa
501 901 802 944 converterat,
845 909 947 936 cum
987 894 1174 951 equites,
1217 911 1240 936 a
1284 896 1577 937 Parmeniorie

215 969 346 1019 missi,
386 967 497 1010 iilius
531 962 707 1026 quoque
743 967 879 1024 partis
913 967 1145 1020 victoriam
1178 967 1397 1009 nuntiant.
1488 968 1575 1011 Sed
1591 987 1639 1010 20

214 1040 390 1082 nullum'
421 1057 472 1082 eo
505 1040 574 1082 die
602 1027 742 1080 maius
774 1039 1019 1096 periculum
1051 1040 1170 1089 adiit,
1201 1049 1336 1098 'quarn
1368 1041 1473 1083 dum
1507 1057 1580 1083 co·

214 1115 307 1171 pias
337 1114 511 1156 reducit
536 1113 581 1153 in
611 1119 765 1154 castra
834 1112 968 1153 Pauci
1001 1122 1101 1153 eum
1133 1120 1177 1154 et
1206 1112 1486 1170 incompositi
1517 1130 1579 1155 se-

215 1187 465 1244 quebantur
506 1191 686 1226 ovantes
725 1183 919 1233 victoria,
953 1184 1114 1241 quippe
1141 1199 1296 1226 omncs
1324 1185 1470 1227 hostes
1503 1194 1579 1227 aut

213 1261 256 1300 in
294 1258 444 1316 fugam
479 1257 661 1307 effusos,
702 1262 778 1296 aut
811 1256 856 1297 in
897 1255 990 1297 acie
1038 1257 1244 1297 cecidisse
1281 1258 1572 1300 credebantz³

213 1348 316 1374 cum
355 1337 536 1388 repente
587 1344 637 1370 ex
677 1328 857 1370 adverso
906 1329 1110 1385 apparuit
1160 1343 1316 1384 agmen
1361 1323 1632 1386 equiturn,21

210 1404 285 1462 qui
310 1403 455 1460 primo
488 1401 718 1442 inhibuere
749 1400 1128 1450 cursum„deinde
1147 1395 1446 1442 Macedonum
1473 1418 1578 1459 pau-

211 1477 341 1518 citate
372 1481 621 1532 conspecta,
653 1481 820 1514 turmas
850 1473 895 1513 in
925 1472 1078 1513 obvios
1108 1472 1451 1516 concitaverunt.
1492 1478 1637 1516 An-22

210 1556 253 1589 te
294 1549 413 1604 signa
451 1562 526 1588 rex
562 1547 674 1593 ibat,
713 1544 981 1587 dissimulato
1022 1545 1159 1600 magis
1196 1545 1413 1601 periculo,
1442 1562 1575 1604 quam

210 1629 373 1677 spreto.
440 1621 535 1662 Nec
575 1614 714 1660 defuit
752 1617 789 1658 ci
834 1624 1046 1674 perpetua
1085 1617 1129 1658 in
1160 1616 1302 1658 dubiis
1327 1618 1458 1660 rebus
1488 1618 1575 1659 feli-

209 1692 339 1736 citas:
373 1707 565 1748 namque
589 1688 881 1747 =praefectum
920 1689 1137 1746 equitatus
1164 1689 1339 1731 avidum
1370 1691 1633 1738 certami-23
1679 1706 1687 1719 ¹

207 1768 293 1816 nis,
330 1757 373 1807 et
414 1766 470 1806 ob
513 1764 557 1804 id
595 1764 738 1820 ipsum
780 1762 997 1803 incautius
1038 1763 1081 1803 in
1114 1778 1158 1803 se
1190 1769 1403 1811 ruentem,
1446 1761 1571 1803 hasta

207 1838 433 1887 transfixit,
473 1851 561 1894 quo
601 1851 651 1878 ex
690 1850 803 1891 equo
846 1834 988 1891 lapso,
1031 1834 1305 1891 proximum,
1344 1850 1394 1875 ac
1434 1833 1570 1876 dein4

205 1906 348 1967 plures
380 1910 539 1954 eodem
569 1907 657 1949 telo
698 1905 913 1949 confodit.
982 1908 1179 1948 Invasere
1210 1906 1411 1948 turbatos
1439 1905 1632 1956 amici24

205 2001 402 2042 quoque:
438 1998 520 2024 nec
555 1982 713 2023 Persae
743 1979 867 2037 inulti
898 1978 1126 2029 cadebant,
1159 1979 1322 2037 quippe
1353 1994 1446 2020 non
1475 1980 1572 2021 uni-

205 2055 352 2100 versae
378 2056 505 2103 acies,
532 2069 665 2112 quam
693 2051 777 2094 hae
805 2051 1117 2093 tumultuariae
1145 2057 1315 2103 manus,
1337 2051 1570 2101 vehemen-

204 2132 290 2172 tius
320 2130 454 2171 iniere
487 2134 724 2169 certamen.
786 2125 987 2166 Tandem
1024 2124 1215 2172 barbari,
1247 2139 1351 2166 cum
1380 2124 1629 2175 obscura25

204 2204 300 2244 luce
331 2201 469 2243 tutior
496 2199 597 2257 fuga
617 2200 631 2226 ⁵
677 2197 898 2239 videretur
935 2211 1025 2237 esse
1056 2212 1187 2253 quam
1220 2212 1376 2253 pugna,
1407 2196 1568 2253 disper-

205 2275 293 2318 sis⁶
338 2273 582 2331 agminibus
617 2270 774 2312 abiere.
844 2269 957 2318 Rex,
996 2268 1338 2310 extraordinario
1370 2268 1566 2327 periculo

206 2348 450 2397 defunctus,
479 2344 720 2387 incolumes
754 2357 854 2383 suos
882 2341 1054 2383 reduxit
1082 2341 1126 2382 in
1157 2348 1311 2383 castra.

289 2419 500 2464 Cecidere
541 2417 796 2466 Persarum,
855 2429 1046 2473 quorum
1094 2428 1332 2455 numerum
1377 2412 1626 2460 victores2<5

205 2602 221 2626 1
249 2599 355 2644 sequi
384 2596 631 2642 permitteret.
738 2592 756 2617 2
782 2594 859 2626 tela
886 2603 978 2625 esse.
1087 2593 1105 2622 3
1130 2593 1340 2627 credebant
1366 2592 1561 2627 cecidisse.

294 2656 315 2686 4
343 2650 498 2685 deiude.
702 2648 721 2676 5
747 2647 836 2694 fuga
861 2647 989 2681 tutior.
1189 2646 1211 2672 ⁶
1238 2647 1404 2681 diversis.
