1703 2961
254 143 364 180 xxu
675 124 1147 180 PRAEFATIO.

259 248 508 297 contrahi.
579 246 677 296 Sed
709 264 808 310 pro
851 248 889 294 z'z'
928 260 977 295 et
1013 249 1071 296 iis
1112 247 1314 297 codices
1357 248 1466 298 fere
1501 267 1629 298 sem÷

259 332 354 378 per
389 314 439 359 1ιί
470 325 519 359 et
552 312 638 369 his,
692 330 790 359 nec
835 329 927 376 ego
970 329 1148 360 eorum
1194 320 1509 363 constantiae
1554 334 1630 363 re-

260 379 560 442 fragandum
602 380 793 440 putavi,
843 378 1258 440 quandoquidem
1304 380 1367 426 de
1406 397 1502 427 usu
1538 383 1632 428 ho-

263 461 375 491 rum
420 446 792 506 pronominum
834 446 963 489 inter
1013 445 1236 491 eruditos
1282 458 1482 492 constat
1523 464 1628 493 non

265 526 374 555 esse
409 509 470 562 ex
507 525 580 566 ca,
627 524 757 570 quae
801 508 956 555 hodie
1003 509 1214 568 obtinet,
1260 511 1632 558 consuetudine

264 573 608 622 iudicandum.
672 575 1099 637 Consonantemj
1131 591 1240 620 non
1274 579 1631 638 expressimus,

264 641 405 702 quod
422 643 472 685 in
495 639 702 685 edendis
723 652 953 685 veterum
988 639 1126 686 libris
1153 643 1303 692 etiam
1324 656 1473 687 usum
1500 655 1631 689 vete-

266 722 391 762 rum,
435 704 606 766 quoad
641 705 774 762 licet,
812 707 952 765 sequi
982 706 1277 753 maluimus:
1311 722 1408 752 nec
1445 720 1630 765 tamen,

267 773 397 817 sicut
434 772 487 817 in
528 770 764 816 omnibus
809 770 1070 818 codicibus
1114 773 1475 833 manuscriptis
1521 770 1632 819 fieri

262 836 492 891 vidimuS,
535 835 686 881 verba
729 837 1017 896 composita
1053 852 1114 880 ex
1150 852 1226 893 e0,
1266 837 1407 898 quod
1443 849 1519 882 est
1561 839 1636 883 ia-

266 917 389 956 cere,
443 901 662 966 simplici
714 902 732 948 i
784 902 1099 963 scripsimus,
1150 904 1393 962 quoniam
1436 901 1539 947 hoc
1584 904 1638 948 in

267 982 424 1028 prosa
461 968 692 1012 oratione
726 981 833 1012 non
864 979 965 1010 tam
1006 966 1376 1027 pronuntiandi
1424 969 1636 1025 ratione,

266 1030 421 1093 quam
462 1030 678 1076 breviter
729 1030 981 1077 scribendi
1027 1047 1169 1077 more
1212 1031 1407 1078 videtur
1446 1030 1639 1078 factum

270 1112 394 1142 csse.
467 1097 687 1141 Omnem
719 1111 839 1143 vero
868 1099 1183 1142 constantiae
1209 1096 1428 1154 laudem,
1463 1113 1640 1158 quam-

267 1164 338 1208 vis
377 1174 628 1222 expetam,
678 1163 729 1206 in
766 1161 1076 1208 Accusativis
1109 1164 1378 1207 nominum
1413 1161 1637 1208 Graeco-

266 1243 380 1272 rum
425 1229 587 1273 omisi.
653 1226 768 1274 Vidi
816 1228 952 1272 enim
999 1226 1453 1289 Snakenburgium,
1521 1243 1639 1273 cum

266 1309 324 1337 en
359 1303 408 1337 et
441 1309 506 1338 an
549 1304 599 1337 et
641 1294 691 1337 in
733 1293 1116 1337 terminationes
1163 1291 1352 1353 ubique
1401 1292 1637 1338 obtrude-

267 1369 357 1413 ret,
395 1373 422 1401 a
456 1355 571 1414 fide,
604 1372 734 1417 quae
771 1358 921 1402 etiam
951 1357 1029 1402 his
1066 1359 1119 1401 in
1154 1357 1304 1403 rebus
1350 1357 1489 1403 libris
1533 1374 1637 1403 ma-

266 1424 544 1483 nuscriptis
581 1421 806 1479 debetur,
843 1424 909 1467 ita
951 1421 1255 1478 discessisse,
1300 1434 1356 1468 ut
1390 1438 1457 1468 ne
1500 1423 1638 1469 illam

268 1486 475 1548 quidem
521 1488 856 1532 constantiam
892 1499 1101 1535 teneret.
1167 1488 1311 1544 Nam,
1356 1500 1412 1533 ut
1452 1503 1636 1550 pauca,

268 1568 398 1614 quac
435 1567 574 1597 nunc
609 1554 887 1612 incurrunt,
923 1551 1144 1608 afferam,
1170 1553 1450 1614 Cyropolim
1484 1552 1639 1599 edidit

266 1618 426 1674 V1,6‚
465 1618 520 1663 16
552 1628 600 1662 et
626 1616 890 1663 Leonidam
922 1617 962 1663 V
969 1617 1026 1672 ΙΙ,
1064 1620 1107 1673 2,
1144 1618 1204 1664 35
1243 1628 1292 1661 et
1314 1616 1638 1678 Bucephalam

267 1683 534 1738 V1,5,18.
587 1680 837 1742 Equidem
870 1682 1031 1746 igitur,
1064 1696 1181 1726 cum
1206 1682 1489 1744 corrigendi
1524 1683 1637 1728 nul-

267 1749 347 1793 lus
382 1746 634 1793 videretur
664 1744 776 1791 finis
814 1761 938 1802 esse,
985 1746 1190 1807 singulis
1236 1747 1363 1792 locis
1411 1749 1634 1809 optimos

267 1812 426 1858 libros
464 1824 683 1869 secutus,
720 1809 770 1856 id
804 1810 944 1872 quod
987 1809 1110 1856 mibi
1158 1812 1299 1856 licuit
1342 1827 1439 1874 per
1481 1812 1635 1858 admi-

267 1877 482 1922 rabilem
517 1876 838 1938 diligentiam,
872 1891 972 1937 qua
995 1875 1149 1923 libros
1170 1877 1493 1922 Florentinos
1515 1894 1634 1923 con·-

267 1944 384 1988 tulit
434 1944 661 2005 quisquis
716 1942 832 1986 illos
889 1942 1115 1998 contulit,
1169 1941 1324 1988 modo
1370 1942 1633 2001 Graecam,

268 2007 423 2053 modo
466 2008 699 2053 Latinam
754 2009 1164 2052 terminationem
1210 2007 1397 2063 induxi,
1465 2023 1634 2069 neque

267 2089 376 2118 non
408 2085 482 2117 est
514 2073 785 2118 verisimile
824 2073 1039 2116 variasse
1076 2073 1226 2116 etiam
1260 2074 1312 2117 in
1347 2072 1425 2120 his
1462 2085 1634 2117 aucto-

266 2154 390 2200 rem,
419 2139 505 2197 qui
527 2137 839 2188 Macedones
864 2137 1316 2182 etParrnenionem
1336 2139 1519 2182 totiens
1545 2153 1633 2199 ap-

265 2198 534 2265 pellat-erit
577 2203 872 2249 Macedonas
917 2214 965 2254 et
1012 2203 1348 2247 Parmeniona.
1425 2203 1524 2250 Sed
1567 2219 1632 2248 ne

269 2284 475 2314 omnem
510 2269 905 2316 inconstantiam
939 2268 992 2312 in
1020 2279 1191 2312 nostra
1229 2267 1451 2313 editione
1477 2270 1632 2314 veteri

269 2334 463 2379 auctori
487 2334 811 2394 imputemus,
845 2345 963 2377 sunt
996 2334 1144 2376 etiam
1165 2333 1280 2389 loci,
1309 2332 1392 2378 ubi
1418 2349 1511 2378 nos
1535 2334 1634 2393 ipsi

267 2400 610 2474 peccavimus.
643 2399 690 2447 Si
680 2414 725 2442 c
751 2409 926 2442 contra
948 2398 1232 2444 institutum
1253 2410 1483 2443 nostrum
1502 2415 1554 2459 p
1571 2400 1633 2443 24

271 2466 345 2509 dis
381 2466 586 2524 irrepsit
615 2480 668 2524 1)-
692 2463 752 2510 07
789 2461 1015 2516 subnata,
1048 2478 1101 2523 p.
1130 2463 1209 2509 157
1248 2465 1423 2518 evulsa,
1453 2479 1504 2524 P.
1540 2464 1632 2509 262

270 2531 577 2585 astrinxerat,
611 2518 683 2589 {Ji
677 2527 950 2602 iri-busque
981 2528 1108 2572 locis
1143 2528 1362 2582 condicto,
1386 2543 1515 2588 quae
1552 2544 1631 2573 ae-

271 2597 357 2656 qui
381 2595 566 2647 laboris
602 2594 761 2645 nostri
794 2594 1137 2640 ειεεῑίῑιιιιοῑεε
1166 2591 1314 2638 nobis
1372 2593 1629 2642 condona-
