1703 2961
328 80 408 122 DE
443 80 652 124 GESTIS
676 80 846 121 ALEX.
877 79 971 131 Vll,
1011 81 1078 124 20.
1355 84 1440 123 219

82 208 165 249 que
175 190 416 234 naturalem
432 192 638 234 absorbet
647 191 882 233 humorem
897 191 1086 241 siccitas;
1100 207 1175 234 ora
1188 193 1439 251 visceraque

44 275 51 299 ι’
81 265 252 320 penitus
283 272 482 305 uruntur.
520 266 669 321 Itaque
686 263 881 318 primum
907 263 1054 312 animi,
1069 263 1226 306 deinde
1249 280 1438 321 corpora

81 334 266 377 deficere
296 344 552 392 coeperunt.
611 336 791 393 Pigebat
824 344 867 377 et
898 335 1134 377 consistere
1159 344 1202 376 et
1223 337 1437 393 progredi.

41 420 46 430 ’
81 407 212 449 Pauci
243 424 264 449 a
295 408 440 465 peritis
470 407 656 465 regionis
678 407 894 449 admoniti
921 415 1236 463 praepararant
1261 424 1436 465 aquam.

79 479 199 520 Haec
230 480 448 536 paulisper
476 479 680 536 repressit
719 479 855 520 sitim:
882 479 1040 521 deinde
1069 487 1291 522 crescente
1317 487 1435 522 aestu

77 566 224 592 rursus
244 556 254 576 ¹
311 551 573 593 desiderium
629 550 826 592 humoris
879 567 1115 593 accensum
1165 559 1242 594 est.
1322 553 1438 609 Ergo

79 623 288 682 quicquid
335 623 421 664 vini
467 622 637 680 oleique
669 629 764 664 erat
805 622 986 664 oribus²
1016 623 1314 680 ingerebatur,
1345 632 1440 685 tan5

76 704 210 753 taque
249 695 436 738 dulcedo
477 695 657 737 bibendi
686 694 791 744 fuit,
823 702 873 736 ut
902 694 946 736 in
973 704 1203 752 posterum
1233 696 1322 737 sitis
1346 711 1439 742 non

10 778 47 807 '³
81 768 323 809 timeretur.
357 767 521 809 Graves
533 767 690 809 deinde
703 767 824 808 avide
844 767 1001 808 hausto
1018 767 1205 809 humore
1217 785 1308 810 non
1320 768 1441 810 susti-

78 855 182 881 nere
221 855 356 888 arma,
396 856 487 881 non
524 840 689 896 ingredi
728 847 958 896 poterant;
1003 847 1047 881 et
1076 840 1293 882 feliciores
1322 841 1440 882 vide-

77 912 253 964 bantur,
303 927 413 970 quos
441 927 552 969 aqua
584 911 817 960 defecerat,
851 927 955 953 cum
987 912 1067 969 ipsi
1096 912 1187 954 sine
1216 912 1353 954 modo
1378 913 1441 953 in-

30 995 44 1024 2
73 983 219 1026 fusam
266 985 435 1025 vomitu
480 991 741 1040 cogerentur
793 998 980 1041 egerere.
1049 985 1243 1026 Anxium
1289 1000 1440 1042 regem

75 1057 205 1098 tantis
234 1055 358 1097 malis
390 1056 641 1098 circumfusi
674 1055 817 1104 amici,
853 1062 904 1096 ut
932 1056 1205 1097 meminisset
1235 1056 1312 1106 sui,
1345 1072 1442 1098 ora-

76 1129 205 1177 bant;
234 1127 368 1169 animi
405 1127 468 1168 sui
495 1128 847 1184 magnitudinem
876 1127 1060 1169 unicum
1090 1129 1340 1170 remedium
1368 1129 1441 1171 de-

25 1199 259 1255 ’,oficientis
298 1200 510 1241 exercitus
544 1215 655 1240 esse:
694 1215 796 1241 curn
836 1215 887 1241 ex
924 1199 1034 1251 his‚³
1080 1199 1153 1257 qui
1196 1216 1441 1258 praecesse-

76 1279 176 1314 rant
207 1272 262 1313 ad
290 1271 556 1327 capiendum
585 1270 736 1313 locum
766 1271 932 1319 castris,
963 1271 1050 1312 duo
1075 1281 1318 1315 occurrunt
1337 1275 1441 1316 utri-

75 1347 157 1387 bus
195 1358 356 1400 aquam
396 1350 632 1399 gestantes,
672 1350 722 1384 ut
760 1342 856 1384 filiis
893 1342 1001 1392 suis,
1043 1359 1152 1402 quos
1193 1345 1238 1387 in
1277 1347 1439 1389 eodem

78 1416 249 1473 agmine
289 1430 392 1462 esse,
434 1423 478 1456 et
510 1431 634 1472 aegre
672 1416 763 1472 pati
794 1415 912 1456 sitim
939 1431 1031 1457 non
1061 1416 1337 1473 ignorabant,
1367 1435 1439 1462 oc-

19 1505 61 1529 ιι
76 1494 317 1531 currerent.
395 1486 482 1542 Qui
523 1503 626 1529 cum
660 1487 706 1527 in
744 1501 893 1542 regem
929 1488 1202 1540 incidissent,
1241 1491 1350 1533 alter
1389 1509 1440 1535 ex

75 1561 158 1609 his,
187 1567 285 1600 utre
324 1558 538 1609 resoluto,
579 1575 674 1610 vas,
718 1559 839 1616 quod
876 1559 1004 1602 simul
1051 1561 1234 1614 ferebat,
1269 1564 1435 1621 implet,

73 1632 301 1691 porrigens
325 1630 428 1687 regi.
478 1631 552 1673 Ille
583 1632 763 1688 accipit3
795 1639 1081 1688 percontatus
1101 1634 1257 1690 quibus
1274 1652 1436 1695 aquam

16 1710 316 1763 12portarent‚
345 1701 441 1745 filiis
476 1702 592 1746 ferre
633 1704 872 1761 cognoscit.
943 1705 1071 1747 Tunc
1097 1707 1260 1762 poculo
1290 1709 1436 1764 pleno,

74 1777 187 1820 sicut
223 1775 423 1817 oblatum
464 1784 538 1827 est,
578 1776 765 1827 reddito,
801 1780 898 1819 Nec
936 1779 1068 1828 solus,
1103 1777 1257 1836 inquit,
1294 1784 1437 1825 bibere

73 1852 288 1898 sustineo,
313 1865 388 1890 nec
427 1860 520 1891 cam
557 1853 760 1904 exiguum
790 1852 993 1892 dividere
1022 1853 1216 1894 omnibus
1242 1872 1435 1910 possum.

77 1926 172 1967 Vos
202 1925 373 1972 currite,
414 1933 459 1964 ec
493 1924 642 1965 liberis
672 1927 849 1975 vestris,
892 1926 1006 1980 quod
1031 1937 1216 1981 prophet·
1242 1931 1344 1972 illos
1371 1941 1437 1972 ab·

74 1999 260 2046 culiscis,
299 1997 417 2037 date.
829 2041 831 2045 Ι

13 2086 58 2115 13
130 2068 334 2111 Tandem
362 2068 417 2117 ad
443 2068 610 2109 flumen
643 2067 792 2110 Oxum
822 2069 915 2126 ipse
943 2069 1142 2125 pervenit
1172 2072 1315 2127 prima
1344 2073 1495 2119 fere21

74 2155 267 2198 vespera.
357 2139 444 2182 Sed
483 2140 693 2182 exercitus
738 2157 897 2198 magna
933 2157 1034 2199 pars
1083 2158 1177 2184 non
1228 2152 1438 2201 potuerat

74 2211 302 2270 consequi:
331 2211 378 2253 in
405 2212 523 2252 edito
551 2219 707 2254 monte
734 2213 853 2270 ignes
881 2213 1004 2256 iubet
1023 2213 1126 2266 fieri,
1159 2223 1208 2258 ut
1234 2216 1329 2268 hi,4
1361 2219 1436 2276 qui

74 2299 202 2342 aegre
240 2284 556 2341 sequebantur,
585 2284 706 2326 haud
731 2287 889 2343 procul
915 2287 1065 2329 castris
1102 2288 1252 2345 ipsos⁵
1284 2291 1437 2333 abesse

13 2383 62 2412 14
76 2364 402 2415 cognoscerent.
472 2358 563 2400 Eos
602 2365 777 2407 autem,
814 2359 888 2417 qui
925 2359 1057 2415 primi
1088 2361 1273 2418 agminis
1299 2371 1436 2415 erant,

73 2524 93 2549 1
118 2535 283 2558 rursum.
401 2523 422 2548 2
445 2522 495 2558 de
519 2515 679 2560 coniecc.
709 2523 836 2572 Vulgo
860 2526 1100 2564 hominibus.
1207 2527 1229 2558 3
1254 2528 1315 2572 iis,
1340 2530 1438 2563 icem

159 2577 280 2623 paulo
307 2587 408 2623 pose.
608 2579 631 2611 4
657 2579 699 2613 ii.
903 2582 925 2610 5
951 2593 1005 2616 se.
