1703 2961
13 2626 22 2961 m—ffi*—..e-.-

398 143 480 185 DE
513 139 720 185 GESTIS
751 141 919 184 ALEX.
944 142 1042 193 Vll,
1074 143 1137 182 11.
1363 143 1438 184 211

92 266 180 313 quo
202 253 361 311 frigore
376 254 600 311 victusque
619 252 801 311 penuria
821 252 925 311 Cyri
949 255 1187 294 exeri-itum
1219 254 1444 304 :isse-ctum,

90 326 216 367 tectis
255 334 298 367 ct
336 326 657 369 commeatibus
694 325 903 366 iuverant.
982 325 1174 380 Quintus
1209 326 1299 367 dies
1338 334 1444 377 erat,

89 405 139 438 ut
165 397 208 438 in
249 414 346 439 eam
385 398 608 454 regionem
641 405 912 453 pervenerat.
977 396 1228 450 Cognoscit,
1254 398 1445 439 Satibar-

88 483 257 518 zanem,
292 470 365 527 qui
395 470 451 512 ad
473 472 656 511 Bessum
691 468 926 517 defecerat,
958 485 1058 510 cum
1089 471 1287 525 equitum
1303 487 1452 510 »manu

87 539 293 597 irrupisse
331 555 478 582 rursus
518 541 562 582 in
608 540 750 582 Arios.
808 535 975 597 {ltaque
1021 540 1244 582 Caranum
1289 549 1331 582 et
1360 542 1453 582 Eri-

91 612 240 668 gyium
285 628 387 655 cum
426 612 649 653 Artabazo
691 619 735 654 et
768 613 1029 655 Andronico
1074 620 1117 654 et
1165 629 1236 655 sex
1275 614 1451 654 milibus

93 683 370 725 Graecorum
407 684 608 741 peditum
650 696 706 725 Dc
755 685 922 742 equites
965 686 1274 742 sequebantur.
1351 687 1450 742 Ipse

90 768 145 796 Lx
172 756 324 798 diebus
361 763 537 813 gentem
574 755 894 812 Euergetarum
925 757 1153 804 ordinavit,
1187 771 1346 814 magna
1379 772 1452 814 pe-

91 827 219 870 cunia
252 830 308 870 ob
343 827 558 885 egregiam
594 829 638 869 in
671 826 840 885 Cyrum
870 827 1004 870 fidem
1033 829 1210 870 donata.

178 901 351 942 Relicto
396 901 565 949 deinde,
607 900 680 957 qui
712 900 760 941 iis
787 907 1016 955 praeesset,
1050 901 1295 942 Amedine¹
1330 902 1452 954 (scri-

91 975 146 1016 ba
176 974 210 1015 is
229 973 362 1014 Darei
392 972 564 1023 fuerat,)
593 972 868 1020 Arachosios,
900 988 1087 1029 quorum
1111 973 1229 1030 regio
1264 973 1318 1014 ad
1341 975 1451 1015 Pon-

92 1047 233 1088 ticum
263 1060 385 1086 mare
413 1045 615 1101 pertinet,
642 1044 824 1099 subegit.
892 1044 956 1084 lbi
984 1045 1238 1092 exeri-itum,-
1269 1047 1341 1103 qui
1373 1046 1452 1086 sub

57 1141 66 1153 κ
90 1118 383 1160 Parmenione
410 1116 569 1164 fuerat,
602 1115 847 1169 occupavit.
896 1116 984 1163 ,Sex
1016 1116 1131 1156 milia
1151 1116 1452 1158 B'Iacedonum

91 1197 216 1232 erant
247 1196 289 1231 et
319 1202 367 1230 cc
394 1189 562 1230 nobiles
588 1194 632 1229 et
661 1187 856 1244 quinque
891 1187 1007 1227 milia
1040 1187 1318 1230 Graecorum
1349 1205 1451 1232 cum

91 1262 308 1320 equitibus
349 1264 458 1308 1)(ῑ,2
491 1260 613 1301 haud
641 1259 772 1301 dubie
804 1259 944 1300 robur
971 1258 1171 1300 omnium
1201 1260 1360 1303 virium
1389 1277 1453 1304 re-

92 1335 165 1392 gis.
224 1332 472 1375 Arachosiis
514 1333 638 1373 datus
677 1332 846 1384 Menon
881 1339 1071 1388 praetor,
1106 1345 1148 1372 lv
1173 1325 1348 1376 milibus
1375 1350 1449 1391 pe-

93 1407 234 1448 ditum
267 1413 309 1447 et
336 1416 392 1445 Dc
424 1404 642 1461 equitibus
680 1404 724 1445 in
753 1403 1020 1461 praesidium
1049 1403 1221 1445 relictis.

176 1507 272 1563 Ipse
314 1520 388 1547 rex
423 1503 663 1554 nationem,
704 1521 759 1546 ne
798 1504 991 1546 finitimis
1030 1505 1211 1562 quidem
1247 1506 1347 1548 satis
1371 1503 1510 1548 nea-12

92 1587 199 1628 tarn,
231 1577 392 1635 quippe
423 1576 541 1617 nullo
572 1576 843 1618 commercio
877 1577 1100 1618 volentem
1128 1586 1308 1620 mutuos
1338 1594 1453 1631 usus,

97 1666 199 1693 cum
246 1649 436 1691 exercitu
485 1648 676 1692 intravit.
750 1647 1112 1705 Parapamisadae
1160 1649 1452 1706 appellantur,

94 1729 260 1780 agreste
299 1720 534 1762 hominum
564 1735 724 1777 genus,
765 1728 810 1763 et
855 1721 971 1763 inter
1008 1721 1220 1764 barbaros
1260 1724 1451 1765 maxime

92 1794 387 1839 inconditum.
458 1795 684 1835 Locorum
737 1793 944 1849 asperitas
998 1792 1236 1840 hominum
1274 1811 1450 1852 quoque

94 1864 263 1925 ingenia
295 1867 540 1908 duraverat.
608 1865 937 1906 Gelidissimum
974 1865 1296 1922 septentrionis
1326 1883 1450 1908 axem

94 1956 145 1982 ex
172 1955 331 1997 magna
369 1945 494 1995 parte
533 1945 750 1994 spectant;
791 1937 1035 1979 Bactrianis
1066 1939 1121 1980 ad
1154 1938 1449 1980 Occidentem

96 2011 322 2054 coniuncti
349 2018 469 2059 sunt;
516 2010 758 2052 meridiana
806 2008 925 2065 regio
975 2009 1029 2050 ad
1071 2025 1193 2052 mare
1243 2011 1449 2052 Indicum

95 2084 245 2142 vergit.
308 2083 498 2139 Tuguria
531 2082 665 2124 latere
703 2080 847 2138 primo
874 2088 1062 2130 struunt,
1093 2089 1136 2124 et
1167 2084 1268 2140 quia
1299 2083 1452 2125 sterilis

97 2163 160 2198 est
188 2164 305 2197 terra
343 2154 572 2204 materia‚³
618 2153 664 2194 in
703 2153 824 2195 nudo
853 2153 983 2195 etiam
1013 2155 1178 2196 montis
1210 2156 1356 2204 dorso,
1388 2171 1454 2198 us-

97 2244 182 2285 que
211 2228 266 2270 ad
296 2242 519 2270 summum
556 2224 857 2268 aedificiorum
886 2225 1108 2282 fastigium
1139 2227 1298 2269 eodem
1326 2228 1453 2269 later-

97 2299 195 2341 culo
226 2306 420 2341 utuntur.
478 2298 690 2340 Ceterum
718 2305 936 2340 structura
973 2298 1101 2340 latior
1130 2300 1184 2341 ab
1228 2300 1319 2341 imo
1347 2315 1453 2356 pau-

37 2398 45 2402 *
97 2371 220 2412 latim
248 2371 521 2422 incremento
547 2370 691 2427 operis
720 2370 764 2411 in
794 2370 928 2412 artius
946 2371 1131 2428 cogitur,
1161 2372 1216 2413 ad
1247 2372 1453 2413 ultimum

99 2442 145 2484 in
176 2442 348 2485 carinae
375 2443 563 2485 maxime
594 2443 781 2484 modum
806 2442 907 2486 coit.
962 2442 1025 2485 lbi
1051 2442 1270 2485 foramine
1298 2444 1451 2486 relicto

101 2639 119 2664 1
144 2635 341 2673 Amenide.
543 2639 564 2666 2
592 2640 780 2675 ducenti&
981 2639 1001 2670 3
1027 2641 1218 2675 materiae.

1093 2702 1191 2744 02
