1703 2961
418 140 500 182 DE
535 133 742 180 GESTIS
778 131 948 174 ALEX.
979 131 1031 179 X,
1059 128 1123 171 19.
1366 124 1447 170 367

42 276 58 300 7
100 258 287 301 Proinde
333 255 538 311 quoniam
589 249 700 291 nihil
746 247 869 287 aliud
904 259 960 285 ex
993 260 1041 286 eo
1077 252 1286 297 superest,
1325 254 1456 296 quam

93 333 210 389 qnod
255 342 423 383 semper
470 325 522 365 ab
570 322 901 363 immortalitate
955 319 1223 364 seducitur-‚¹
1282 315 1456 367 corpori

95 403 375 458 hominique²
403 413 532 453 qnam
558 397 746 449 primum
777 395 893 433 iusta
922 392 1156 436 solvamus,
1184 389 1299 429 haud
1317 388 1458 434 obliti,

98 482 143 519 in
173 493 259 532 qna
286 475 398 518 urbe,
429 474 543 511 inter
563 483 669 524 quos
694 468 840 513 simus,
870 465 992 518 quali
1017 463 1218 517 praeside
1248 477 1297 501 ac
1325 458 1454 513 rege3

50 572 68 599 g
101 551 300 606 spoliati.
374 543 660 584 Tractandum
698 548 777 587 est,
808 537 1134 584 commilitones,
1166 534 1462 587 cogitandum-v

102 641 197 680 que,
237 632 287 662 ut
323 618 559 659 victoriam
599 623 774 668 partam
805 612 920 651 inter
948 610 1041 655 hos,
1073 609 1127 647 de
1155 607 1308 663 quibus
1335 614 1468 659 parta

105 708 184 744 est,
226 694 415 735 obtinere
454 689 683 742 possimus.
757 685 917 738 Capite
957 696 1067 736 opus
1115 690 1194 724 est.
1263 679 1468 720 Hocine⁴

111 785 209 818 uno,
240 782 296 807 an
324 762 532 818 pluribus,
564 762 609 800 in
636 767 790 798 vestra
814 765 1035 810 potestate
1065 765 1144 795 est.
1203 753 1332 793 Illud
1359 754 1471 792 scire

109 842 285 888 debetis,
324 838 558 877 militarem
595 834 688 872 sine
726 832 830 871 duce
870 829 1040 870 turbam
1079 843 1235 882 corpus
1262 842 1352 866 esse
1381 827 1473 866 sine

111 917 285 970 spiritu.
347 911 508 951 Sextus
535 907 692 947 mensis
722 914 801 950 est,
833 918 888 942 ex
914 916 996 957 qno
1025 903 1212 942 Roxane
1231 914 1477 954 praegnans

61 1005 82 1035 9
116 998 206 1028 est:
236 995 453 1038 optamus,
484 991 533 1021 ut
561 994 721 1019 marem
760 979 966 1022 enitatur,
997 975 1146 1015 cuius5
1183 989 1357 1026 regnum
1387 974 1478 1012 diis

116 1057 460 1115 approbantibus
496 1050 708 1112 futurum,
757 1048 1041 1106 quandoque⁶
1088 1047 1347 1105 adoleverit.
1409 1047 1478 1086 In-

119 1136 247 1174 terim
279 1147 304 1171 a
335 1130 487 1184 quibus
516 1128 611 1179 regi
635 1125 788 1164 velitis
816 1123 1046 1162 destinate.
1105 1118 1225 1158 Haec
1257 1117 1479 1158 Perdicca.

60 1222 108 1247 10
202 1205 318 1244 Tum
368 1197 610 1242 Nearchus,
652 1191 884 1234 Alexandri
934 1190 1071 1232 modo
1123 1190 1376 1247 sanguinem
1430 1193 1545 1232 ac20

121 1275 304 1331 stirpem
356 1270 499 1326 regiae
547 1264 763 1307 maiestati
814 1263 1072 1312 convenire,
1114 1264 1360 1312 neminem,
1411 1262 1482 1312 ait,

66 1362 253 1405 11posse
288 1343 450 1384 mirari.
510 1339 723 1381 Ceterum
755 1335 973 1391 expectari
1004 1334 1205 1375 nondum
1239 1341 1388 1374 ortum
1420 1349 1486 1375 rc-

126 1434 239 1477 gem,
270 1423 313 1458 et
349 1414 422 1472 qui
450 1412 536 1453 iam
564 1410 618 1452 sit
633 1407 871 1465 praeteriri,
902 1421 985 1447 nec
1013 1405 1168 1446 animis
1185 1406 1487 1447 Macedonum

128 1488 373 1537 convenire,
402 1501 483 1526 nec
515 1479 705 1538 tempori
733 1493 895 1520 rerum.
953 1479 1059 1520 Esse
1091 1494 1113 1520 e
1143 1479 1325 1519 Barsine
1351 1478 1490 1519 filium

68 1582 115 1607 12
132 1562 259 1620 regis:
300 1558 403 1600 huic
441 1556 642 1598 diadema
683 1552 891 1594 dandum.
956 1550 1073 1592 Nulli
1103 1550 1306 1606 placebat
1332 1551 1489 1593 oratio.

130 1638 283 1691 Itaque
323 1646 400 1673 suo
444 1642 570 1669 more
608 1625 742 1666 hastis
782 1632 905 1665 scuta
953 1622 1201 1679 quatientes
1240 1623 1495 1680 obstrepere

130 1703 483 1765 perseverabant.
546 1700 728 1754 Iamque
758 1710 896 1752 prope
936 1695 1022 1736 ad⁷
1055 1694 1318 1736 seditionem
1346 1710 1497 1752 perve-

70 1793 115 1822 13
134 1785 304 1824 nerant,
329 1772 534 1817 Nearcho
561 1767 828 1826 pervicacius
866 1773 1018 1808 tuente
1042 1765 1318 1808 sententiam.
1377 1768 1496 1808 Tum

135 1850 425 1896 Ptolemaeus,
463 1848 625 1898 Digna
659 1856 838 1897 prorsus
876 1849 943 1881 est
980 1839 1159 1890 soboles,
1199 1839 1350 1897 inquit,
1391 1856 1498 1896 quae

137 1924 425 1966 Macedonum
457 1921 639 1973 imperet
658 1917 792 1970 genti,
816 1916 1024 1955 Roxanes
1042 1913 1114 1952 vel
1124 1913 1501 1972 Barsinaefilius!

140 1998 260 2038 cuius
299 2009 449 2035 nomen
490 2007 655 2047 qnoque
694 1991 920 2042 Europam
952 1990 1094 2028 dicere
1125 1988 1308 2041 pigebit,
1341 1991 1502 2030 maiore

82 2085 198 2111 14ex
248 2077 373 2123 parte
426 2066 609 2119 captivi.
684 2065 774 2104 Est
812 2060 920 2102 curS
965 2062 1126 2101 Persas
1166 2061 1419 2110 vicerimus,
1452 2071 1503 2102 ut

143 2143 279 2196 stirpi
314 2154 456 2180 eorum
494 2138 761 2177 serviamus!
793 2136 909 2191 quod
939 2135 1048 2174 iusti
1077 2134 1147 2173 illi
1173 2149 1296 2186 reges
1323 2136 1503 2175 Dareus

147 2226 190 2257 et
217 2218 386 2257 Xerxes
433 2221 503 2253 tot
548 2211 714 2250 milium
754 2207 996 2262 agminibus
1033 2207 1256 2261 tantisque
1293 2208 1504 2248 classibus

85 2303 129 2329 15
147 2290 425 2344 nequicquam
457 2285 719 2338 petiverunt.
786 2282 894 2321 Mea
933 2281 1149 2321 sententia
1185 2281 1289 2319 haec
1327 2293 1419 2331 est,
1456 2291 1507 2322 ut

146 2364 245 2402 sede
283 2359 521 2400 Alexandri
558 2359 603 2398 in
639 2357 761 2410 regia
797 2357 958 2410 posita,
988 2355 1064 2409 qui
1091 2354 1288 2394 consiliis
1314 2355 1407 2395 eius
1434 2356 1507 2394 ad-

151 2540 168 2564 1
198 2537 433 2572 subducitur.
554 2534 574 2559 2
598 2534 662 2567 Ex
687 2529 836 2566 emend.
869 2530 994 2576 Vulgo
1021 2529 1263 2575 nominique.
1375 2529 1394 2560 3
1423 2541 1510 2577 rege

243 2603 286 2625 ac
309 2589 494 2637 praeside.
648 2588 668 2617 4
693 2586 842 2619 Hocne.
995 2586 1015 2613 ⁵
1043 2585 1135 2617 eius.
1291 2584 1313 2610 ⁶
1339 2585 1510 2630 quando.

241 2645 259 2672 7
287 2645 397 2680 abest
419 2642 676 2688 praepositio,
883 2637 902 2666 8
931 2637 1022 2677 Cur,
1044 2641 1128 2672 sine
1153 2644 1220 2673 est.
