1703 2961
411 128 493 172 DE
522 124 729 172 GESTIS
755 123 925 167 ALEX.
945 123 1026 172 VI,
1056 121 1123 166 40.
1376 121 1449 162 191
1484 182 1488 187 .

92 247 140 287 bi
168 245 309 285 vitam
341 243 504 287 adimo,
534 255 614 293 ego
639 249 898 279 senectutem
930 247 1048 279 tuam
1066 239 1302 290 extinguo!
1336 237 1457 300 Quid

94 320 203 360 enim
229 332 294 356 me
340 314 602 369 procreabas
643 307 859 369 infelicem
890 312 1228 352 adversantibus
1256 312 1375 350 diis?
1399 325 1456 349 an

31 402 141 440 33ut
167 393 245 431 hos
275 403 330 428 ex·
360 403 424 426 me
437 382 621 442 fructus
653 387 917 438 perciperes,
960 387 1036 440 qui
1063 395 1106 425 te
1138 386 1338 425 manent?
1364 386 1452 423 Ne·

87 466 194 513 scio,
231 461 527 502 adolescentia
565 474 659 497 mea
699 460 898 498 miserior
932 460 1014 505 sit,
1046 474 1102 498 an
1131 468 1324 498 senectus
1351 435 1455 496 ¹lua:

88 551 167 590 ego
196 538 241 577 in
268 537 365 588 ipso
395 531 545 572 robore
582 533 745 571 aetatis
771 533 956 584 eripior:
983 531 1069 570 tibi
1097 528 1299 587 carnifex
1325 532 1454 583 spiri—

89 619 180 650 tum
223 609 403 650 adimet,
441 619 562 658 quem
592 606 633 643 si
652 601 838 660 fortuna
868 616 1099 658 expectare
1126 606 1351 650 voluisset,
1386 618 1455 643 na-

29 691 192 729 satura
237 678 491 734 poscebat-‚¹
572 678 814 717 Admonuit
862 694 926 717 me
972 680 1119 732 patris
1156 681 1242 718 mei
1284 679 1456 723 mencio,

89 768 217 810 quam
248 753 405 793 timide
445 760 489 791 et
519 759 789 799 cunctanter,
824 766 934 804 quae
972 752 1200 792 Cebalinus
1237 752 1456 791 detulerat

89 827 150 866 ad
175 841 250 872 me,
282 826 478 865 indicare
506 824 734 864 debuerim.
790 824 1022 866 Parmenio
1047 828 1169 869 enim,
1194 841 1286 864 cum
1312 826 1458 864 audis-

87 907 168 947 set,
198 912 405 938 venenum
435 913 463 937 a
488 898 702 951 Philippo
735 898 900 937 medico
926 900 1022 950 regi
1041 901 1207 951 parari,
1241 900 1456 938 deterrere

90 987 183 1012 eum
213 972 358 1011 voluit
388 971 578 1023 epistola
608 973 790 1024 scripta,
821 986 902 1025 quo
930 973 1071 1010 minus
1101 974 1456 1012 medicamentum

90 1045 265 1090 biberet,
307 1045 425 1099 quod
462 1045 652 1084 medicus
693 1046 799 1083 clare
830 1045 1161 1084 constitueret.²
1221 1047 1339 1084 IVum
1367 1060 1456 1084 cre-

91 1118 232 1157 ditum
274 1126 343 1158 est
378 1119 505 1171 patri
539 1117 664 1157 meo?
703 1132 800 1156 num
836 1119 967 1157 ullam
1010 1119 1319 1158 auctoritatem
1365 1119 1458 1158 eius

32 1191 267 1234 3slitterae
304 1191 575 1231 habuerunt?
641 1191 742 1243 Ego
785 1192 892 1244 ipse,
933 1193 1132 1246 quotiens
1172 1207 1281 1246 quae
1312 1194 1457 1231 audie-

93 1279 186 1303 ram
216 1264 368 1312 detuli,
400 1280 492 1304 cum
519 1263 707 1303 ludibrio
734 1264 1012 1303 credulitatis
1040 1265 1236 1317 repulsus
1261 1282 1366 1308 sum.
1408 1268 1459 1307 Si

93 1347 138 1377 et
167 1351 258 1376 cum
288 1338 544 1383 indicamus,
575 1337 727 1381 invisi,
756 1347 800 1377 et
828 1352 920 1376 cum
939 1347 1140 1386 tacemus,
1170 1342 1364 1394 suspecti
1393 1356 1458 1381 su—

30 1419 198 1457 36mus,
233 1411 340 1464 quid
361 1406 519 1467 facere
555 1424 633 1450 nos
671 1412 880 1463 oportet?
943 1407 1148 1466 Cumque
1182 1427 1295 1452 unus
1331 1428 1355 1453 e
1382 1413 1461 1454 cir-

98 1481 413 1523 cumstantium
446 1481 573 1522 turba
607 1480 901 1529 exclamasset,
931 1485 1050 1523 Bene
1073 1487 1241 1525 meritis
1288 1503 1370 1527 non
1401 1489 1461 1528 in-

95 1556 278 1594 sidiari:
310 1553 518 1602 Philotas,
549 1556 698 1601 Recte,
730 1553 884 1609 inquit,
901 1559 1096 1611 quisquis
1125 1574 1183 1602 es,
1209 1561 1334 1600 dicis.
1370 1565 1462 1601 Ita-

98 1643 178 1684 que
207 1629 250 1667 si
279 1628 518 1667 insidiatus
550 1643 654 1675 sum,
684 1642 866 1680 poenam
897 1644 981 1668 non
1011 1631 1230 1682 deprecor,
1263 1645 1307 1674 ec
1320 1636 1460 1692 finem

92 1697 217 1759 facio
247 1701 432 1747 dicendi,
464 1703 666 1755 quoniam
696 1701 852 1739 ultima
885 1701 1015 1740 verba
1043 1706 1205 1754 gravia
1231 1718 1333 1748 sanc
1362 1711 1462 1749 visa

100 1773 318 1814 auribus.³
407 1771 657 1813 Abducitur
693 1770 852 1811 deinde
893 1771 947 1812 ab
990 1772 1102 1823 his,4
1142 1778 1215 1831 qui
1247 1781 1462 1822 custodie-

98 1845 208 1887 bant
245 1859 358 1886 eum.
411 1846 418 1857 ¹

34 1928 90 1958 xt.
183 1918 294 1958 Erat
325 1916 439 1958 inter
477 1915 608 1957 duces
645 1930 782 1956 manu
820 1922 1020 1958 strenuus
1059 1919 1234 1961 Bolon⁵
1269 1923 1521 1978 quidam‚41

101 1990 220 2048 pacis
263 1988 424 2030 artium
466 1996 509 2029 et
550 1986 680 2029 civilis
715 1988 889 2029 habitus
929 1990 1060 2039 rudis,
1093 2000 1214 2033 vetus
1240 1995 1373 2045 miles,
1407 2000 1460 2040 ab

52 2066 59 2071 '
99 2060 254 2103 humili
282 2060 436 2101 ordine
469 2060 523 2100 ad
556 2076 656 2100 eum
684 2060 881 2117 gradum,
914 2060 958 2101 in
989 2077 1076 2118 quo
1096 2070 1201 2105 tunc
1234 2076 1337 2117 erat,
1361 2083 1463 2125 pro-

52 2149 74 2174 2
102 2140 274 2176 motus:
318 2132 389 2189 qui
429 2133 676 2193 tacentibus
717 2134 893 2180 ceteris,
931 2133 1086 2174 stolida
1118 2136 1298 2178 audacia
1328 2139 1462 2198 ferox,

105 2205 343 2246 admonere
388 2219 462 2245 eos
492 2205 652 2260 coepit,
683 2205 885 2261 quotiens
917 2205 1034 2246 suis⁶
1064 2207 1244 2264 quisque
1275 2210 1463 2254 diverso-

104 2276 200 2325 riis,
238 2291 348 2333 quae
387 2284 698 2333 occupassent,
737 2277 1023 2333 proturbatus
1063 2286 1190 2329 esset,
1229 2288 1278 2321 ut
1308 2300 1463 2342 purga-

103 2355 252 2389 menta
282 2363 506 2390 servorum
540 2348 738 2391 Philotae
775 2349 1078 2406 reciperentur
1102 2366 1167 2397 eo,
1195 2354 1311 2394 unde
1345 2372 1463 2398 com-

56 2435 76 2464 3
108 2419 326 2462 militones
354 2422 593 2478 expulisset.
664 2421 785 2463 Auro
825 2430 1093 2479 argentoque
1131 2424 1327 2468 vehicula
1372 2429 1460 2471 eius

105 2591 124 2616 1
144 2591 382 2637 reposcebat.
557 2591 577 2617 2
604 2594 864 2631 constituerat.
1036 2592 1056 2624 3
1085 2595 1238 2632 auribus
1263 2601 1454 2636 vestris.

192 2645 215 2677 4
238 2645 300 2680 iis.
502 2646 522 2674 5
547 2645 686 2681 Belon.
890 2647 911 2674 ὅ
933 2647 1054 2683 abest.
