1703 2961
296 132 377 173 DE
409 131 613 174 GESTIS
641 129 806 172 ALEX.
837 130 972 172 ARG.
1007 130 1160 174 LIBRI
1190 133 1261 174 IV.
1387 133 1443 176 43

99 242 181 291 (47)
207 243 418 278 Alexander
448 244 529 288 ipse
558 241 695 276 dubius
728 241 775 274 de
809 248 945 275 eventu
976 254 1125 287 pugnae
1151 244 1353 277 consilium
1378 245 1444 278 ad-

97 307 229 347 hibet,
255 312 486 338 nocturnum
517 305 700 349 impetum
725 314 805 336 non
844 303 1001 348 probat,
1034 305 1223 349 proelium
1259 305 1442 341 decernit.

95 364 169 412 (l18)
192 366 312 401 Ambo
335 377 436 411 reges
463 372 615 399 noctem
639 365 738 397 inter
752 375 837 397 suos
862 363 1015 397 solliciti
1039 372 1165 409 agunt,
1190 367 1447 401 Alexandrum

97 440 184 462 cum
220 428 286 461 diu
320 438 448 460 secum
485 425 726 459 deliberasset
767 420 847 468 (49)
880 435 1033 457 somnus
1069 437 1186 471 usque
1212 428 1259 461 ad
1290 430 1447 462 multam

95 489 222 523 lucem
256 499 476 534 oppressum
507 486 642 520 tenuit.
691 486 721 518 A
755 486 1006 519 Parmenione
1040 488 1219 521 excitatus
1259 490 1334 533 (50.
1365 491 1446 535 51.)

97 551 219 583 aciem
255 548 541 594 diligentissime
580 546 751 587 instruit,
782 557 879 591 quae
916 547 1110 591 facienda,
1151 561 1248 594 quae
1277 552 1447 585 cavenda

95 612 173 644 sint
195 609 393 658 praecipit,
430 610 511 654 (52)
536 608 649 641 duces
676 607 893 652 militesque
923 608 1195 654 interequitans
1229 612 1448 657 alloquitur,

95 682 236 705 vanum
261 677 403 704 metum
428 670 556 711 demit,
587 680 625 702 se
658 669 795 702 intueri
821 668 938 711 iubet,
972 671 1234 705 necessitatem
1268 673 1449 706 vincendi

96 732 275 766 ostendit.
325 732 400 776 (53.
427 728 485 766 54.
512 732 584 780 55.)
617 731 740 764 Etiam
773 729 909 763 Darius
941 742 1096 764 suorum
1123 733 1270 767 animos
1297 735 1451 778 excitat,

97 805 173 838 quo
202 792 347 826 reducti
374 792 461 834 sint,
489 800 524 825 et
549 803 663 838 quam
691 802 796 837 spem
820 791 913 825 boni
937 801 1090 826 eventus
1125 794 1292 828 habeant
1325 803 1449 829 osten-

95 855 200 893 dens,
237 855 437 887 obsecrans
467 852 632 898 denique
667 860 703 885 et
734 853 936 887 obtestans.
993 855 1074 899 (56)
1111 854 1262 901 Pugnae
1294 857 1450 891 initium

94 915 291 959 (Calendis
315 914 473 950 Octobr.
503 928 539 947 a.
566 915 652 958 331)
685 912 728 946 fit
763 926 785 947 a
809 914 978 948 curribus
1004 914 1164 958 falcatis,
1192 917 1337 962 equites
1363 918 1451 952 Per-

94 977 162 1010 sici
195 975 470 1022 impedimenta
506 975 764 1009 Macedonum
809 974 1015 1022 diripiunt,
1057 977 1226 1023 captivos
1270 979 1447 1014 liberant.

95 1038 178 1082 (57)
203 1037 393 1070 Curruum
416 1047 545 1082 pugna
569 1037 816 1082 improspera.
841 1037 907 1070 sed
933 1037 1034 1083 apud
1061 1037 1341 1084 impedimenta
1363 1041 1450 1074 Per-

95 1108 159 1130 sae
185 1108 263 1130 rem
288 1096 437 1129 felicius
461 1104 608 1141 gerunt.
659 1098 741 1142 (58)
767 1099 852 1143 Ipse
883 1109 948 1131 rex
976 1099 1017 1132 in
1047 1098 1174 1133 hostes
1210 1100 1277 1134 ubi
1311 1101 1450 1136 Darius

97 1158 267 1191 constitit
291 1156 497 1201 invehitur,
519 1159 701 1192 acerrima
724 1170 852 1204 pugna
874 1157 917 1192 fit
942 1158 1045 1192 circa
1070 1170 1187 1206 reges.
1236 1162 1319 1206 (59)
1347 1163 1454 1197 Omi-

95 1229 144 1251 ne
175 1228 329 1264 quoque
359 1218 478 1251 adiuti
511 1219 672 1254 vincunt
702 1220 955 1262 Macedones,
1003 1220 1139 1254 Darius
1172 1221 1270 1255 falso
1303 1225 1451 1259 occisus

97 1279 263 1313 creditur
299 1286 337 1313 et
370 1280 460 1325 fuga
490 1291 644 1314 suorum
679 1280 875 1327 abripitur.
925 1281 1086 1314 Strenue
1117 1280 1332 1328 insequitur
1367 1285 1453 1319 Ate-

96 1341 252 1383 xander‚
286 1341 363 1387 (60)
387 1341 454 1375 sed
479 1341 624 1375 desistit
660 1353 682 1374 a
711 1342 991 1387 persecutione,
1024 1353 1111 1375 cum
1141 1342 1293 1377 laevum
1331 1357 1451 1380 cornu

97 1414 208 1435 suum
234 1402 276 1436 in
301 1415 429 1449 pugna
453 1403 628 1437 laborare
653 1403 770 1437 audit.
819 1402 893 1436 Sed
925 1403 1001 1435 iam
1031 1402 1112 1448 ipse
1144 1403 1345 1439 Parmenio
1371 1407 1452 1442 Ma-

98 1474 230 1496 zaeum
257 1464 459 1510 repulerat.
506 1465 589 1508 (61)
616 1464 754 1497 Darius
773 1464 915 1509 Lycum
933 1473 1087 1496 amnem
1108 1471 1226 1509 ponte
1250 1472 1453 1513 transgres-

99 1535 158 1557 sus
188 1524 326 1558 Arbela
349 1524 533 1571 pervenit,
562 1533 773 1558 ceterorum
797 1526 994 1558 Persarum
1019 1535 1198 1570 praeceps
1233 1537 1276 1560 ac
1301 1529 1452 1563 misera-

100 1584 187 1617 bilis
213 1584 303 1630 fuga
325 1585 562 1619 describitur.
612 1587 689 1630 (62)
715 1585 926 1619 Alexander
947 1595 1065 1629 usque
1092 1585 1140 1618 ad
1165 1587 1331 1621 eundem
1357 1603 1453 1636 pon-

96 1651 174 1678 tem
199 1645 319 1679 victos
343 1654 560 1692 persecutus
587 1646 795 1687 revertitur,
827 1653 862 1678 et
885 1646 928 1679 in
955 1646 1038 1691 ipso
1072 1646 1197 1680 reditu
1222 1650 1324 1693 gravi
1352 1653 1453 1696 peri-

99 1707 186 1740 culo
212 1706 441 1752 defungitur.
500 1707 583 1752 (63)
621 1708 681 1741 De
719 1718 879 1740 numero
916 1718 1111 1740 caesorum
1145 1715 1181 1741 et
1202 1709 1339 1745 virtute
1367 1724 1455 1747 cum

97 1767 216 1813 ipsius
239 1769 334 1814 regis
362 1775 442 1802 tum
468 1769 688 1815 principum
715 1769 855 1802 ducum
883 1768 1099 1814 exponitur.

61 1847 343 1930 1‚DAREU
362 1893 381 1922 s
411 1882 520 1923 tanti
551 1881 687 1923 modo
718 1880 929 1922 exercitus
959 1895 1047 1929 rex,
1079 1880 1151 1937 qui
1186 1881 1458 1941 triumphan-

103 1954 157 1995 tis
198 1953 358 2009 magiS,
415 1968 549 2009 quam
587 1953 832 1995 dimicantis
869 1952 1027 2002 modo,
1086 1967 1217 1994 curru
1262 1957 1457 2002 sublimis

103 2026 255 2066 inierat
309 2025 550 2080 proelium,
607 2040 686 2082 per
735 2026 852 2075 loca,
913 2039 1023 2081 quae
1063 2038 1203 2080 prope
1234 2025 1458 2073 immensis

105 2096 348 2154 agminibus
386 2096 654 2152 impleverat,
681 2100 694 2120 ¹
734 2097 820 2137 iarn
858 2095 1001 2137 inania
1043 2102 1087 2135 et
1120 2096 1281 2151 ingenti
1312 2102 1458 2144 solitu-

77 2170 211 2213 2dine
239 2175 371 2218 vasta,
414 2167 618 2224 fugiebat.
677 2168 812 2210 Pauci
838 2182 983 2224 regem
1012 2168 1324 2224 sequebantur:
1354 2189 1459 2215 nam

106 2256 187 2282 nec
217 2239 375 2281 eodem
407 2255 558 2282 omnes
586 2239 735 2297 fugam
764 2239 1054 2288 intenderant,
1087 2246 1131 2279 et
1161 2239 1461 2287 deficientibus

107 2312 226 2368 equis
252 2326 427 2354 cursum
471 2326 649 2361 eorum,
682 2326 792 2367 quos
833 2326 906 2352 rex
935 2310 1120 2352 subinde
1148 2314 1361 2367 mutabat,
1394 2333 1462 2359 ae-

79 2398 244 2440 3quare
284 2398 377 2424 non
412 2389 632 2438 poterant.
698 2382 879 2425 Onchas
907 2385 927 2408 ²
968 2382 1124 2423 deinde
1150 2388 1356 2440 pervenit,
1388 2389 1463 2431 ubi

110 2469 315 2511 excepere
339 2470 440 2495 eum
461 2454 739 2496 Graecorum
769 2461 977 2511 quattuor
1005 2454 1136 2505 milia,
1166 2456 1458 2512 quibuscum³

110 2579 130 2604 ¹
165 2589 430 2635 compleverat.
570 2588 592 2614 2
629 2589 799 2623 Unchas.
938 2589 958 2619 3
986 2602 1008 2624 e
1035 2592 1194 2624 coniecc.
1225 2591 1349 2639 Vulgo
1376 2608 1463 2629 cum

200 2642 348 2687 quibus,
370 2641 439 2678 sed
463 2641 571 2678 codd.
598 2643 679 2678 iam
703 2643 825 2690 regius
851 2643 1005 2703 mm.ad
1028 2643 1172 2689 Euphr.
1199 2653 1302 2680 cont.
