1703 2961
394 148 474 190 DE
515 145 725 191 GESTIS
760 145 927 187 ALEX.
967 146 1037 194 111,
1076 147 1141 188 33.
1389 148 1442 193 37

92 261 199 319 regis
235 259 298 301 sui
337 258 534 309 confisus,
570 265 764 315 agrestes,
806 257 877 314 qui
917 257 1047 298 duces
1086 258 1248 307 itineris
1287 266 1439 309 essent,

91 331 225 388 excipi
254 330 385 371 iussit.
444 329 612 385 Quibus
637 329 834 372 celeriter
870 331 1062 386 repertis,
1093 338 1248 386 quarto
1283 330 1351 371 die
1383 331 1438 372 ad

90 404 246 445 urbem
276 402 484 458 pervenit,
516 401 600 442 iam
628 408 852 442 metuente
879 402 1116 457 praefecto,
1146 417 1200 442 nc
1230 401 1307 441 sibi
1331 400 1437 443 fides

39 491 56 518 s
85 474 235 517 habita
280 489 369 515 non
417 480 536 514 esset.
612 472 747 527 Igitur
795 473 913 529 quasi
957 489 1112 530 parum
1151 472 1434 515 munimentis

88 546 238 603 oppidi
270 546 418 592 fidens,
450 552 549 585 ante
579 544 678 584 solis
710 551 856 585 ortum
885 546 1118 601 pecuniam
1142 544 1314 600 regiam,
1347 548 1433 600 (ga-

85 633 181 659 zam
207 622 220 642 ¹
272 618 425 658 Persae
470 618 661 665 vocant)
696 631 798 658 cum
834 616 1150 672 pretiosissimis
1183 630 1334 656 rerum
1372 616 1431 657 ef-

81 689 184 731 ferri
212 689 342 737 iubet,
383 688 529 744 fugam
568 687 784 738 simulans,
814 703 860 730 re
891 703 1001 739 vera,
1032 694 1080 731 ut
1111 687 1320 746 praedam
1351 687 1429 728 ho-

19 751 24 830 l
81 761 134 803 sti
169 760 349 801 offerret

19 840 56 874 =6
163 833 301 874 Multa
349 832 465 873 milia
512 831 706 873 virorum
752 832 1103 890 feminarumque
1145 824 1492 872 excedentem34

80 904 245 961 oppido
273 904 578 960 sequebantur,
609 904 812 945 omnibus
842 904 1094 946 miserabilis
1123 903 1263 951 turba,
1304 918 1429 958 prae-

77 984 146 1018 ter
183 990 298 1023 eum,
337 976 456 1018 cuius
492 976 591 1016 fidei
631 976 860 1018 commissa
900 984 1003 1017 erat.
1027 977 1047 999 2
1122 974 1298 1030 Quippe
1336 990 1424 1030 quo

76 1047 218 1088 maior
256 1047 516 1103 proditionis
552 1062 720 1088 merces
759 1046 896 1095 foret,
938 1045 1126 1087 obiicere
1156 1045 1270 1086 hosti
1301 1059 1425 1100 para-

74 1119 158 1161 bat'
186 1119 421 1175 gratiorem
474 1119 594 1159 omni
635 1118 819 1174 pecunia
850 1118 1072 1174 praedam,
1101 1117 1268 1158 nobiles
1296 1117 1422 1166 viros,

73 1197 327 1248 praetorum
371 1189 503 1230 Darei
554 1190 757 1246 coniuges
802 1189 1068 1246 liberosque,
1131 1196 1303 1245 praeter
1341 1189 1422 1230 hos

28 1275 45 1301 7
73 1261 341 1304 Graecarum
384 1262 560 1302 urbium
583 1263 598 1289 3
644 1262 826 1317 legatos,
872 1277 980 1318 quos
1013 1261 1183 1302 Dareus
1217 1261 1334 1301 velut
1377 1261 1421 1302 in

71 1349 171 1376 arce
199 1332 424 1383 tutissima,
455 1333 499 1373 in
528 1332 764 1388 proditoris
782 1333 1016 1390 reliquerat
1042 1333 1259 1374 manibus.
1305 1331 1421 1374 Gan-

69 1396 198 1462 gabas
227 1405 380 1446 Persae
411 1413 571 1445 vocant
594 1403 785 1446 humeris
817 1420 948 1446 onera
979 1412 1222 1461 portantes:
1247 1404 1417 1446 hicum

67 1476 253 1517 tolerare
275 1478 297 1503 4
340 1491 431 1516 non
470 1485 656 1532 possent,
693 1477 854 1533 quippe
893 1484 937 1518 et
957 1477 1148 1533 procella
1186 1476 1330 1517 subito
1358 1476 1419 1517 ni-

66 1564 165 1590 vem
204 1546 429 1597 effuderat,
469 1555 513 1588 et
551 1547 710 1589 humus
750 1548 918 1604 rigebat
954 1548 1062 1603 gelu,
1094 1555 1190 1588 tum
1219 1548 1416 1589 astrictas

64 1627 212 1669 vestes,
241 1634 347 1675 quas
376 1634 478 1660 cum
506 1620 691 1674 pecunia
731 1620 981 1674 portabant,
1012 1634 1119 1660 auro
1150 1629 1192 1660 et
1219 1635 1414 1676 purpura

63 1690 259 1747 insignes,
295 1690 494 1739 induunt,
527 1690 644 1730 nullo
684 1689 920 1746 prohibere
960 1706 1076 1740 auso,
1109 1706 1210 1732 curn
1235 1690 1413 1731 fortuna

67 1762 175 1820 regis
219 1761 351 1803 etiam
400 1760 653 1802 humillimis
695 1761 740 1801 in
790 1761 934 1817 ipsum
978 1762 1201 1803 licentiam
1235 1762 1414 1805 faceret.

18 1852 37 1880 ε
63 1834 309 1877 Praebuere
355 1848 456 1889 ergo
499 1833 779 1874 Parmenioni
819 1849 911 1875 non
955 1833 1188 1890 spernendi
1235 1833 1415 1890 agminis

61 1905 273 1962 speciem:
338 1904 411 1961 qui
468 1905 701 1945 intentiore
756 1921 860 1947 cura
899 1921 1019 1956 suos,
1083 1907 1202 1963 quasi
1253 1906 1310 1947 ad
1352 1905 1414 1946 iu-

62 1985 178 2018 stum
233 1975 451 2032 proelium
501 1977 650 2032 paucis
714 1978 990 2026 adhortatus,
1054 1978 1176 2035 equis
1229 1977 1412 2020 calcaria

60 2049 182 2090 iubet
226 2047 429 2095 subdere,
458 2051 472 2075 ⁵
523 2055 566 2088 et
602 2049 691 2090 acri
732 2049 901 2105 impetu
936 2051 982 2091 in
1013 2049 1187 2091 hostem
1226 2049 1358 2090 eve-hi.
1389 2051 1411 2075 ⁶

10 2134 35 2165 9
62 2114 122 2163 At
148 2119 220 2170 illi,
260 2120 333 2177 qui
370 2119 448 2161 sub
489 2120 692 2161 oneribus
732 2129 867 2170 erant,
913 2121 1078 2163 omissis
1113 2136 1194 2178 per
1227 2128 1409 2170 metum,

63 2200 290 2249 capessunt
323 2191 493 2248 fugam:
550 2192 705 2233 armati
745 2209 931 2249 quoque,
966 2193 1038 2249 qui
1077 2208 1151 2234 eos
1177 2208 1410 2250 proseque-

61 2264 233 2314 bantur,
257 2267 275 2290 ⁷
310 2264 466 2304 eodem
503 2271 624 2304 metu
664 2279 784 2305 arma
817 2265 989 2315 iactare,
1023 2281 1072 2305 ac
1100 2273 1205 2305 nota
1236 2264 1410 2305 diverti-

28 2334 158 2378 ocula
189 2341 337 2391 petere
366 2343 619 2390 coeperunt.
671 2336 933 2386 Praefectus,
962 2337 1082 2393 quasi
1113 2344 1158 2377 et
1183 2337 1273 2393 ipse
1306 2351 1409 2377 con-

62 2403 248 2456 territus,
289 2405 494 2448 simulans
535 2414 692 2450 cuncta
732 2423 892 2465 pavore
923 2407 1233 2464 compleverat.
1290 2411 1407 2450 Iace-

60 2527 79 2551 1
105 2537 244 2572 pecun.
272 2528 433 2573 regiam,
462 2540 603 2574 quam
626 2541 767 2573 gazam.
903 2529 924 2555 2
946 2529 1081 2563 fuerat.
1210 2530 1230 2559 3
1254 2529 1407 2563 urbium

151 2580 392 2616 Graecarum.
533 2582 556 2613 4
580 2594 667 2617 cum
701 2583 864 2629 frigus
891 2585 1062 2617 tolerare.
1202 2584 1223 2611 5
1246 2582 1408 2618 subdere

150 2633 267 2668 iubet.
468 2635 490 2661 ὅ
512 2635 654 2673 invehi.
857 2639 874 2665 7
901 2638 1236 2685 persequebantur.
