1703 2961
402 107 483 150 DE
523 103 732 149 GEsT1s
764 103 932 146 ALEx.
969 103 1044 153 1v,
1083 99 1148 143 46.
1396 95 1449 136 59

16 228 20 244 l

103 221 316 268 Mazaeus,
354 219 426 275 qui
459 233 560 259 cum
592 215 767 257 delectis
798 215 994 272 equitum
1026 215 1070 255 in
1100 213 1218 255 edito
1250 210 1369 258 colle,
1402 223 1452 249 ex

104 308 192 349 quo
230 291 531 332 Macedonum
570 287 954 345 prospiciebantur
991 293 1142 334 castra,
1181 283 1451 328 consederat,

104 363 190 404 sive
231 369 365 410 metu,
407 362 492 402 sive
527 360 626 417 quia
667 358 879 415 speculari
918 358 1054 398 modo
1086 357 1220 397 iussus
1250 362 1354 404 erat,
1397 353 1452 394 ad

41 446 87 476 19
104 435 298 476 Dareum
325 433 466 474 rediit.
522 429 790 472 Macedones
819 446 920 471 eum
948 431 1090 487 ipsum
1122 428 1292 475 collem,
1320 439 1452 482 quem

105 507 366 554 deseruerat,
395 508 743 558 occupaverunt:
772 517 874 543 nam
907 510 950 544 et
979 503 1116 543 tutior
1141 499 1318 557 planitie
1348 503 1453 546 erat,

104 586 149 619 et
186 577 286 618 inde
331 576 444 618 acies
482 574 690 623 hostium,
730 589 841 630 quae
878 575 922 615 in
960 589 1119 632 campo
1149 572 1454 630 explicabatur,

43 648 298 705 noconspici
336 654 523 704 poterat.
589 645 676 687 Sed
713 645 862 703 caligo,
895 662 1029 703 quam
1057 648 1170 689 circa
1197 644 1367 686 humidi
1398 641 1457 684 ef-

103 720 308 762 fuderant
340 725 530 764 montes,
566 717 789 758 universae
815 721 829 742 ¹
873 719 1051 775 quidem
1083 719 1145 760 rei
1177 717 1334 760 faciem
1366 729 1458 756 non

105 790 295 839 abstulit,
337 797 534 832 ceterum
564 787 786 846 agminum
818 789 1068 832 discrimina
1099 797 1228 846 atque
1257 787 1459 830 ordinem

103 862 331 920 prohibuit
379 860 580 918 perspici.
647 861 886 903 Multitudo
929 862 1215 904 inundaverat
1265 874 1458 917 campos,

103 935 389 991 fremitusque
430 941 500 974 tot
548 932 718 974 milium
765 934 898 975 etiam
943 934 1099 990 procul
1134 933 1344 975 stantium
1387 947 1460 972 au-

39 1021 85 1044 21
102 1023 169 1050 res
198 1007 464 1076 impleverat.
520 1004 756 1045 'Fluctuari
795 1006 944 1046 animo
972 1020 1057 1055 rex,
1086 1012 1129 1047 et
1155 1005 1293 1046 modo
1319 1018 1460 1053 suum,

102 1079 240 1120 modo
280 1076 582 1119 Parmenionis
630 1075 859 1117 consilium
895 1091 988 1118 sera
1024 1076 1326 1118 aestimatione
1366 1090 1463 1133 per-

102 1149 308 1208 pendere,
347 1148 509 1204 quippe
552 1161 604 1188 eo
646 1154 827 1188 ventum
863 1156 968 1200 erat,
998 1149 1114 1190 unde
1144 1148 1282 1205 recipi
1306 1147 1464 1189 exerci-

36 1233 46 1247 ·
103 1230 185 1271 tus,
233 1220 314 1262 nisi
348 1220 502 1269 victor,
546 1219 638 1260 sine
680 1218 802 1260 clade
840 1235 932 1261 non
971 1229 1132 1277 posset.
1162 1224 1183 1246 ²
1265 1221 1415 1277 ltaque
1441 1219 1460 1247 3

105 1292 374 1335 dissimulato
413 1297 537 1332 metu
556 1293 580 1318 4
618 1292 941 1333 mercenarium
973 1293 1164 1350 equitem
1194 1308 1244 1334 ex
1273 1291 1463 1333 Paeonia

42 1378 88 1406 23
103 1356 366 1422 praecedere
393 1363 526 1404 iubet.
583 1363 680 1419 Ipse
705 1363 980 1420 phalangem,
1007 1364 1120 1406 si'cut
1138 1371 1264 1405 antea
1295 1364 1465 1405 dictum

105 1444 181 1487 est,
213 1436 258 1477 in
289 1436 377 1477 duo
409 1450 575 1477 cornua
607 1436 878 1477 extenderat:
906 1444 1143 1492 utrumque
1174 1451 1313 1478 cornu
1349 1433 1468 1491 equi-

104 1515 169 1549 tes
209 1507 427 1563 tegebant.
496 1507 678 1562 Iamque
713 1507 895 1548 nitidior
931 1507 1012 1557 lux,
1052 1508 1241 1550 discussa
1273 1506 1466 1564 caligine,

109 1580 251 1621 aciem
284 1578 480 1618 hostium
520 1578 781 1628 ostenderat,
821 1586 865 1620 et
891 1579 1171 1630 Macedones,
1200 1580 1287 1622 sive
1316 1579 1468 1622 alacri·-

105 1658 211 1698 tate,
251 1649 337 1691 sive
376 1649 524 1690 taedio
567 1650 891 1703 expectationis,
930 1652 1152 1708 ingentem
1177 1651 1468 1708 pugnantium

107 1737 232 1764 more
263 1719 439 1762 edidere
472 1720 726 1764 clamorem.
784 1723 999 1764 Redditus
1028 1731 1071 1764 et
1101 1739 1123 1765 a
1152 1724 1291 1766 Persis
1317 1739 1471 1766 nemo-

107 1809 156 1835 ra
199 1791 417 1849 vallesque
471 1792 777 1835 circumiectas
815 1794 996 1836 terribili
1037 1810 1146 1837 sono
1198 1795 1468 1852 impleverat.

48 1866 202 1915 24Nec
240 1864 328 1904 iam
376 1863 593 1905 contineri
632 1865 901 1908 Macedones
930 1873 1160 1923 poterant,
1196 1868 1303 1925 quin
1341 1884 1472 1912 cursu

109 1951 286 1994 quoque
327 1935 383 1977 ad
418 1934 592 1977 hostem
631 1937 964 1979 contenderent.
1030 1938 1188 1980 Melius
1231 1940 1375 1983 adhuc
1407 1955 1474 1982 ra—

110 2017 180 2051 tus
210 2008 256 2049 in
293 2007 452 2056 eodem
489 2007 661 2050 tumulo
702 2016 842 2057 castra
871 2010 1059 2062 munire,
1090 2011 1252 2058 vallum
1282 2011 1364 2054 iaci
1390 2011 1474 2054 iu&

115 2221 134 2246 1
164 2221 225 2256 De
248 2221 496 2254 coniectura>
525 2219 634 2255 codd.
670 2222 885 2256 universam
922 2223 1118 2269 equidem,
1144 2223 1230 2260 edd.
1260 2226 1477 2261 universam

206 2274 376 2320 quidem.
581 2275 601 2300 2
632 2275 821 2310 adiicitur
856 2277 1056 2322 [Movebat
1086 2278 1202 2313 etiam
1239 2290 1326 2313 eum
1350 2282 1478 2315 multi-

207 2328 302 2361 tudo
338 2327 519 2370 hostium,
550 2336 724 2375 respectu
755 2331 958 2376 paucitatis
986 2343 1075 2366 suae
1099 2333 1238 2377 gentis:
1269 2334 1335 2374 sed
1359 2335 1477 2373 intet-

207 2381 299 2414 dum
339 2383 562 2426 reputabat,
611 2391 770 2429 quantas
809 2395 868 2418 res
901 2397 989 2419 cum
1030 2385 1104 2419 hac
1145 2394 1257 2432 gente
1292 2390 1478 2435 gessisset,

211 2441 451 2481 quantosque
493 2437 658 2482 populos
694 2437 864 2472 fudisset.
920 2440 1063 2485 ltaque,
1097 2453 1184 2475 cum
1217 2453 1301 2488 spes
1334 2450 1479 2478 metum

209 2489 392 2533 vinceret,
423 2491 677 2538 periculosius
715 2492 862 2531 bellum
896 2493 1049 2528 differre
1080 2502 1194 2536 ratus,
1225 2506 1276 2530 ne
1302 2496 1478 2542 desperem

208 2543 264 2576 tio
290 2544 365 2577 suis
399 2546 617 2589 cresceret.]
806 2545 826 2576 3
853 2545 974 2585 abest.
1111 2549 1134 2581 4
1153 2549 1214 2588 De
1238 2552 1480 2591 coniectura}

209 2594 319 2631 codd.
346 2606 387 2632 et
412 2596 499 2632 edd.
525 2598 622 2645 vulg.
652 2610 712 2635 eo.
