1703 2961
440 113 522 156 DE
547 112 759 156 GEsris
788 112 958 159 ALEx.
989 115 1097 164 viu,
1129 111 1195 153 aa.
1419 105 1499 145 αυτ.

136 224 264 266 hoste
294 224 521 283 quondam
551 232 858 280 conceperant,
898 225 1031 267 etiam
1074 225 1119 266 in
1149 222 1404 280 religionem
1430 231 1498 257 ve-

135 296 498 355 nerationemque
535 312 761 341 converso.
833 296 1101 338 Macedonas
1134 310 1226 336 non
1263 292 1494 336 beluarum

134 367 285 419 modo,
327 369 403 411 sed
442 369 573 411 etiam
610 368 742 426 ipsius
779 368 887 425 regis
926 373 1125 424 aspectus
1163 377 1404 423 parumper
1432 361 1495 402 in-

66 433 293 480 jambuit.
348 440 510 482 Beluae
541 440 774 497 dispositae
813 440 927 482 inter
956 445 1149 480 armatos
1179 435 1370 493 speciem
1404 440 1494 474 tur-

134 509 250 551 rium
287 512 443 567 procul
485 512 696 555 fecerant.
765 514 866 569 Ipse
905 513 1042 554 Porus
1080 509 1301 551 humanae
1330 503 1494 560 magni-

131 582 296 624 tudinis
350 586 681 641 propemodum
732 590 973 626 excesserat
1031 582 1235 624 formam.
1327 575 1492 633 Magni·

130 653 272 695 tudini
311 655 413 696 Pori
458 657 645 700 adiicere
681 656 914 698 videbatur
954 654 1093 704 belua,
1123 669 1208 711 qua
1240 649 1493 697 vehebatur,

132 733 310 768 tantum
339 726 454 769 inter
485 736 652 771 ceteras
693 729 904 778 eminens,
939 733 1105 784 quanto
1138 725 1227 766 aliis
1257 723 1346 780 ipse
1370 735 1492 778 prae-

74 811 122 836 14
136 798 293 840 stabat.
356 802 510 858 Itaque
549 801 807 850 Alexander,
850 798 1172 855 contemplatus
1202 803 1246 838 et
1275 808 1423 851 regem
1451 798 1495 833 et

133 885 290 927 agmen
320 872 552 922 Indorum,
586 877 786 922 Tandem,
812 873 967 931 inquit,
994 888 1081 928 par·
1115 873 1260 912 animo
1299 882 1391 909 meo
1419 881 1492 919 pe·

130 946 311 985 rie-ulum
336 947 483 988 video.
541 948 647 989 Cum
675 948 829 989 bestiis
859 946 988 987 simul
1017 956 1061 987 et
1088 960 1181 986 cum
1210 942 1399 997 egregiis
1427 939 1494 979 vl-

74 1020 195 1058 1⁵ris
224 1034 292 1058 res
320 1028 397 1059 est.
436 1019 702 1076 Intuensque
721 1017 924 1067 Coenon,
959 1019 1062 1060 Cum
1082 1033 1176 1071 ego,
1208 1014 1360 1071 inquit,
1388 1014 1494 1053 Pto-

0 406 5 431 l

129 1092 292 1133 lemaeo
323 1093 617 1148 Perdiccaque
642 1103 687 1134 et
714 1093 1041 1145 Hephaestione
1067 1092 1301 1132 comitatus
1335 1088 1381 1127 in
1411 1086 1494 1126 lae-

128 1179 232 1205 vum
259 1166 449 1206 hostium
480 1179 609 1206 cornu
649 1166 857 1219 impetum
874 1161 1045 1222 secero,
1077 1164 1326 1217 viderisque
1355 1175 1419 1199 me
1448 1159 1494 1198 in

131 1240 273 1280 medio
314 1239 471 1279 ardore
510 1239 774 1286 certaminis,
814 1239 904 1291 ipse
932 1239 1135 1278 dextrum
1166 1250 1303 1282 move,
1333 1242 1378 1273 et
1406 1241 1493 1272 tur-

130 1311 246 1350 batis
275 1313 402 1365 signa
438 1312 483 1350 in
510 1325 566 1349 er.
628 1312 690 1350 Tu
728 1312 956 1363 Antigene,
974 1313 989 1334 ¹
1034 1320 1080 1351 et
1109 1320 1157 1351 tu
1182 1311 1418 1352 Leonnate,
1449 1313 1493 1344 et

137 1385 317 1432 Tauron,
354 1384 652 1425 invehemini²
693 1384 738 1423 in
776 1383 963 1422 mediam
1002 1385 1161 1431 aciem,
1199 1393 1245 1422 et
1280 1378 1494 1433 urgebitis

74 1462 122 1490 16
117 1452 331 1514 frontem.
395 1458 568 1497 Hastae
606 1464 782 1497 nostrae
819 1457 1084 1509 praelongae
1121 1466 1165 1497 et
1204 1455 1384 1494 validae
1410 1466 1494 1492 non

129 1530 243 1569 alias
282 1530 424 1582 magis
462 1544 592 1584 quam
631 1529 840 1570 adversus
875 1529 1022 1569 beluas
1050 1539 1320 1581 rectoresque
1348 1539 1494 1568 earum

129 1603 229 1642 usui
247 1617 337 1641 esse
359 1611 589 1656 poterunt:
620 1600 848 1641 deturbate
868 1616 951 1651 eos,
965 1603 1042 1658 qui
1057 1603 1285 1649 vehuntur,
1307 1610 1351 1640 et
1371 1601 1495 1653 ipsas

131 1671 373 1731 'confodita
392 1673 410 1700 3
450 1675 620 1726 Anceps
645 1689 778 1726 genus
800 1675 962 1715 auxilii
991 1683 1070 1723 est,
1097 1683 1142 1715 et
1172 1675 1218 1714 in
1235 1688 1335 1715 suos
1353 1674 1497 1713 acrius

125 1743 259 1805 furit.
312 1749 366 1787 In
394 1747 561 1788 hostem
589 1747 701 1787 enim
720 1748 918 1801 imperio,
949 1749 996 1788 in
1023 1763 1124 1789 suos
1139 1763 1307 1802 pavore
1332 1747 1493 1800 agitur.

74 1819 253 1866 17Haec
306 1817 505 1859 elocutus
553 1817 750 1859 concitat
785 1834 947 1874 equum
981 1817 1171 1875 primus;
1211 1819 1408 1875 iamque,
1448 1825 1498 1858 ut

131 1890 400 1931 destinatum
429 1895 534 1938 erat,
565 1887 783 1929 invaserat
811 1889 987 1932 ordines
1013 1890 1225 1941 hostium,
1258 1906 1361 1934 cum
1385 1888 1498 1931 Coe-

0 1978 2 2019 l
71 1981 118 2009 18
135 1976 216 2002 nus
246 1959 409 2017 ingenti
449 1959 491 2000 vi
528 1959 574 2000 in
611 1959 785 2001 laevum
813 1976 951 2002 cornu
980 1962 1213 2004 invehitur.
1302 1962 1498 2003 Phalanx

0 2021 1 2024 Ἴ
130 2047 306 2091 quoque
323 2030 518 2072 mediam
538 2030 752 2073 Indorum
776 2032 915 2074 aciem
937 2050 1027 2076 uno
1049 2035 1219 2092 impetu
1248 2035 1496 2092 perrupit.4

216 2105 276 2145 At
310 2102 462 2152 Porus,
506 2118 592 2159 qua
623 2104 816 2160 equitem
846 2105 991 2147 invehi
1023 2115 1227 2157 senserat,
1254 2107 1402 2149 beluas
1430 2107 1494 2163 agi
1506 2105 1559 2149 49

131 2176 271 2218 iussit:
303 2175 378 2216 sed
404 2174 583 2216 tardum
614 2182 657 2216 et
677 2191 818 2232 paene
848 2176 1076 2220 immobile
1097 2179 1257 2220 animal
1278 2194 1495 2235 equorum

133 2248 412 2291 velocitatem
444 2261 632 2303 aequare
662 2263 754 2289 non
782 2257 971 2306 poterat.
1026 2252 1096 2293 Ne
1127 2251 1384 2308 sagittarum
1407 2251 1497 2307 qui·

73 2342 121 2372 19
137 2321 239 2362 dem
270 2319 379 2361 ullus
408 2325 503 2359 erat
528 2319 726 2361 barbaris
757 2336 871 2362 usus.
921 2321 1099 2380 Quippe
1126 2322 1282 2379 longae
1314 2331 1357 2363 et
1375 2338 1497 2379 prae-

132 2407 296 2449 graves,
337 2389 418 2432 nisi
448 2390 569 2447 prius
596 2390 642 2432 in
671 2399 788 2434 terra
819 2401 1061 2435 statuerent
1090 2409 1256 2444 areum,
1287 2394 1408 2437 haud
1437 2412 1498 2436 sa·

133 2465 189 2506 tis
231 2470 332 2519 apte
373 2469 417 2503 et
455 2463 694 2505 commode
734 2465 1079 2523 imponuntur:⁵
1125 2474 1223 2508 tum
1257 2466 1398 2509 humo
1438 2467 1500 2508 lu-

142 2575 160 2600 1
191 2572 413 2617 Antigenes·
549 2572 570 2598 2
597 2573 845 2609 invehimini.
983 2574 1002 2605 3
1029 2575 1270 2611 confundite.
1403 2580 1425 2608 4
1449 2578 1496 2610 in

229 2625 396 2659 mediam
425 2645 470 2651 -—
493 2627 683 2673 prorupit.
886 2631 905 2658 5
923 2629 1142 2675 imponunt.
