1703 2961
433 175 516 218 DE
548 173 760 218 GESTIS
784 174 951 216 ALEx.
982 175 1055 224 lv,
1080 176 1147 216 38.
1418 177 1474 222 79

46 304 95 331 24
111 295 154 330 et
183 287 270 330 iam
306 295 582 345 perarmatos
624 287 877 344 adequitare
923 286 1084 343 coepit.
1179 286 1298 329 Mille
1323 290 1476 331 admo-

112 361 218 402 dum
249 361 415 417 equites
442 360 742 415 praemiserat.
806 359 1012 413 Quorum
1045 359 1268 415 paucitate
1292 361 1476 403 Alexan·

111 431 190 472 der
229 433 471 488 explorata,
511 432 669 474 deinde
711 438 992 487 contempta,
1030 429 1307 485 praefectum
1339 436 1474 475 Paeo-

108 519 217 545 num
242 508 255 529 ¹
293 504 493 561 equiturn
532 504 737 546 Aristona
769 502 917 544 laxatis
959 502 1140 544 habenis
1167 502 1312 544 invehi
1341 505 1473 548 iussit.

15 577 287 633 szslnsignis
325 592 377 618 eo
418 577 487 618 die
524 589 669 633 pugna
711 574 909 630 equitum
963 582 1006 616 et
1045 575 1278 630 praecipue
1308 578 1475 620 Aristo-

13 629 17 692 l
106 649 173 690 nis
211 649 313 690 fuit:
350 647 625 705 praefectum
668 646 886 702 equitatus
923 648 1156 688 Persarum
1209 648 1473 705 Satropaten

107 719 273 762 directa
312 720 357 762 in
395 728 571 777 gutture
606 719 729 759 hasta
772 717 999 768 transfixit,
1031 718 1364 779 fugientemque
1394 739 1475 778 per

103 793 276 835 medios
315 792 465 833 hostes
506 798 790 838 consecutus,
829 806 878 831 ex
917 806 1032 847 equo
1072 792 1397 848 praecipitavit,
1429 804 1474 838 et

10 903 13 926 Ξ
107 865 352 908 obluctanti
383 871 513 920 caput
541 863 684 920 gladio
715 862 914 918 dempsit,
947 863 1067 919 quod
1096 864 1283 908 relatum
1310 883 1472 926 magna

9 961 12 969 ·
108 954 212 980 cum
243 938 371 979 laude
408 944 510 978 ante
540 936 649 992 regis
679 936 811 990 pedes
842 936 1000 989 posuit.

8 979 12 1071 ξ
54 1019 95 1050 x.
188 1009 334 1051 Biduo
364 1008 422 1050 ibi
453 1023 527 1050 rex
557 1007 708 1049 stativa
738 1007 916 1048 habuit:
958 1007 1004 1048 in
1030 1008 1284 1064 proximum
1314 1012 1537 1065 deinde39

0 1079 10 1132 [ι’
50 1097 71 1119 2
104 1081 378 1136 pronuntiari
418 1080 544 1121 iter2
584 1079 715 1120 iussit.
777 1079 863 1120 Sed
901 1078 1042 1132 prima
1084 1080 1176 1122 fere
1202 1083 1339 1139 vigilia
1369 1085 1474 1130 luna

104 1151 321 1201 deficiens,
347 1152 541 1206 primum
570 1151 764 1192 nitorem
793 1150 943 1191 sideris
973 1151 1037 1192 sui
1068 1154 1281 1204 condidit,
1313 1157 1474 1201 deinde

0 903 5 935 s

0 938 6 1005 ἒ

5 1247 7 1285 1
104 1222 324 1279 sanguinis
352 1223 501 1265 colore
525 1222 691 1264 suffuso
732 1223 884 1264 lumen
916 1239 1048 1266 omne
1076 1225 1283 1277 foedavit,
1317 1230 1472 1272 sollici-

3 1293 7 1372 j
103 1295 245 1353 tisque
283 1295 363 1337 sub
403 1295 548 1349 ipsum
576 1295 688 1336 tanti
724 1295 987 1338 discriminis
1018 1313 1167 1339 casum
1198 1299 1349 1355 ingens
1377 1303 1472 1345 reli-

3 1377 6 1412 Ι
53 1384 73 1412 3
101 1368 184 1426 gio,
215 1375 260 1409 et
284 1383 334 1409 ex
372 1383 420 1409 ea
450 1367 644 1409 formido
674 1368 893 1425 quaedam
924 1368 1095 1412 incussa
1127 1379 1201 1412 est.
1243 1372 1340 1415 Diis
1366 1374 1473 1417 invi-

103 1441 158 1481 tis
194 1440 239 1481 in
280 1439 456 1481 ultimas
486 1447 624 1482 terras
662 1439 778 1481 trahi
816 1456 860 1481 se
897 1442 1215 1498 querebantur:
1271 1445 1362 1487 iam
1387 1464 1472 1491 nec

1 1503 5 1530 ¹
105 1512 287 1553 flumina
328 1527 454 1566 posse
494 1512 616 1562 adiri,
641 1512 659 1539 3
704 1527 785 1552 nec
815 1511 956 1555 sidera
985 1514 1218 1568 pristinum
1249 1533 1421 1563 servare
1446 1523 1470 1550 ⁴

0 1534 4 1696 Ι
103 1584 334 1642 fulgorem,
371 1592 511 1626 vastas
549 1592 707 1633 terras,
747 1584 916 1625 deserta
955 1585 1103 1626 omnia
1141 1601 1394 1634 occurrere:
1424 1597 1471 1639 in

104 1657 232 1698 unius
261 1655 455 1698 hominis
491 1657 778 1698 iactationem
806 1663 876 1697 tot
902 1657 1074 1698 milium
1104 1663 1360 1716 sanguinem
1391 1666 1472 1709 im-

0 1697 3 1821 ?
102 1729 258 1784 pendi:
300 1727 475 1769 fastidio
507 1744 597 1769 esse
626 1728 839 1784 patriam,
879 1729 1074 1770 abdicari
1103 1731 1358 1791 Philippum
1397 1756 1472 1797 pa-

102 1808 233 1848 trem,
264 1801 438 1843 coelum
462 1801 584 1842 vanis
615 1799 955 1857 cogitationibus
984 1809 1147 1856 petere.
1175 1807 1188 1832 ⁵
1251 1809 1346 1851 Iam
1367 1827 1472 1868 pro..

49 1892 76 1918 4
106 1889 162 1930 pe
199 1873 462 1915 seditionem
500 1888 569 1914 res
602 1879 707 1923 erat,
739 1888 842 1914 cum
874 1873 929 1914 ad
962 1875 1110 1917 omnia
1139 1877 1363 1924 interritus
1394 1885 1471 1926 du-

105 1961 176 1988 ces
205 1945 509 2003 principesque
526 1944 719 1986 militum
738 1945 988 2002 frequentes
1020 1947 1168 1990 adesse
1195 1955 1470 2007 praetorio‚⁶

104 2017 428 2075 Aegyptiosque
462 2025 605 2065 vates,
643 2032 754 2074 quos
789 2017 898 2059 coeli
929 2033 979 2059 ae
1023 2020 1217 2063 siderum
1265 2027 1470 2081 peritissi-

106 2105 203 2131 mos
239 2105 328 2131 esse
367 2090 586 2139 credebat,
624 2089 728 2145 quid
763 2090 988 2139 sentirent,
1036 2107 1294 2148 expromere
1328 2100 1465 2145 iubet,

58 2181 75 2208 s
104 2165 163 2204 At
190 2161 260 2211 illi,
292 2161 366 2219 qui
395 2162 495 2203 satis
531 2161 706 2207 scirent,
736 2167 991 2216 temporum
1023 2164 1151 2206 orbes
1181 2167 1362 2224 implere
1395 2175 1468 2217 de-

109 2234 286 2276 stinatas
325 2233 453 2284 vices,
497 2233 737 2289 lunamque
782 2232 989 2285 deficere,
1042 2252 1145 2278 cum
1184 2249 1260 2282 aut
1299 2250 1467 2289 terram

107 2306 295 2357 subiret,
330 2313 407 2347 aut
444 2305 534 2346 sole
568 2313 856 2362 premeretur,
886 2307 1107 2350 rationem
1158 2313 1338 2369 quidem
1366 2318 1468 2374 ipsis

55 2391 78 2420 6
106 2384 360 2434 perceptam
406 2391 500 2418 non
550 2376 739 2419 edocent
788 2378 957 2435 vulgus:
993 2387 1190 2425 ceterum
1231 2386 1467 2444 affirmant,

105 2568 125 2592 1
155 2565 271 2602 codd.
297 2567 501 2602 Penorum.
565 2568 586 2593 2
608 2569 679 2603 iter
701 2553 969 2616 pronuntiari·
1025 2572 1046 2604 3
1069 2576 1132 2609 Ex
1161 2578 1310 2614 emend,
1338 2582 1461 2619 codd·

194 2620 312 2655 adire.
387 2623 409 2654 4
439 2630 642 2669 praestare.
715 2626 735 2653 5
768 2625 860 2670 peti.
933 2626 954 2651 0
978 2628 1024 2661 In
1048 2628 1160 2663 libris
1184 2644 1269 2668 mss.
1298 2634 1465 2672 additur

193 2675 310 2709 iubet.
