1703 2961
243 141 324 182 162
708 137 771 194 Q„
800 136 1002 182 CURTn
1031 138 1170 181 mm

248 254 526 309 auspicioque
562 253 803 306 perdomui,
845 267 941 292 ecce
979 267 1121 294 orsum
1140 254 1152 276 ¹
1200 251 1354 292 bellum
1380 251 1435 292 ab
1465 251 1606 295 Helle-
1637 264 1658 293 3
1697 264 1703 327 ι

245 328 458 382 sponto:²
490 329 637 374 Ionas,
665 326 889 366 Aeolidem
916 326 1104 366 servitio
1144 324 1366 365 barbariae
1397 328 1605 379 impoten-

245 404 308 443 tis
331 402 579 447 exemimus,
613 400 803 446 Cariam,
840 400 1046 454 Lydiam,
1092 398 1434 451 Cappadociam,
1472 401 1610 454 Phry-

248 475 383 526 giam,
410 473 775 524 Paphlagoniam,
801 472 1120 526 Pamphyliam,
1159 473 1354 515 Pisidas.
1389 472 1607 520 Ciliciam,

249 547 434 600 Syriam,
463 546 718 591 Plzoenicen,
746 547 1006 593 Armeniam,
1038 546 1276 591 Persidem,
1303 546 1476 592 Medos,
1501 546 1611 584 Par⁴

247 621 417 659 thienen
455 618 654 657 habemus
691 619 738 658 in
773 627 1015 671 potestate:
1053 618 1198 670 plures
1223 620 1475 672 provincias
1503 632 1610 658 com·
1639 627 1664 652 4
1698 604 1703 631 ³

247 692 403 744 plexus
441 706 547 739 sum,
584 706 712 744 quam
747 692 827 731 alii
868 691 991 730 urbes
1034 701 1248 743 ceperunt,
1292 700 1337 731 et
1373 692 1513 731 nescio
1558 704 1613 729 an

249 765 515 804 enumeranti
552 765 661 803 mihi
703 766 910 819 quaedam
958 766 1151 817 ipsarum
1192 779 1331 804 rerum
1380 762 1611 804 multitudo

1698 635 1703 654 l

1698 706 1703 724 V

1698 728 1703 788 ἱ

249 836 519 876 subduxerit.
577 840 734 892 Itaque
763 839 804 876 si
832 838 1059 884 crederem,
1086 838 1195 876 satis
1221 847 1380 877 certam
1401 853 1492 878 esse
1512 851 1615 890 pos·
1648 852 1664 880 s
1697 830 1703 886 Ξ

251 911 482 950 sessionem
515 919 739 958 terrarum,
773 925 880 965 quas
915 920 1040 951 tanta
1085 910 1321 950 velocitate
1357 911 1615 958 domuimus,
1653 923 1658 925 ’
1698 896 1703 951 2

253 997 332 1036 ego
363 997 479 1028 vero,
519 984 696 1033 milites,
734 985 793 1023 ad
830 993 1014 1037 penatos
1053 998 1178 1031 meos,
1211 983 1269 1022 ad
1297 993 1519 1036 parentem
1546 996 1616 1023 so·
1698 956 1703 1050 Ξ

254 1071 464 1110 roresque,
476 1065 519 1095 et
529 1067 694 1097 ceteros
706 1059 838 1104 cives,
853 1059 922 1097 ὐἱ-ἶ
930 1057 1214 1097 retinentibus
1227 1056 1243 1082 ³
1275 1056 1414 1102 vobis,
1430 1072 1543 1096 erum
1547 1071 1617 1108 pe·
1697 1097 1701 1114 ι

260 1144 360 1173 rem,
393 1139 442 1168 ut
478 1129 541 1168 ibi
578 1131 855 1182 potissimum
893 1140 1024 1184 parta
1049 1130 1270 1171 vobiscum
1300 1130 1429 1168 laude
1456 1138 1500 1169 et
1528 1129 1617 1181 glo·
1697 1126 1700 1143 ³

257 1204 327 1242 ria
343 1198 534 1259 fruerer,
572 1202 647 1241 ubi
685 1217 762 1244 nos
800 1204 1014 1244 uberrima
1051 1204 1265 1243 victoriae
1313 1203 1510 1255 praemia
1546 1215 1619 1240 ex·
1697 1206 1703 1248 ἓ

256 1285 453 1329 pectant,
498 1275 731 1320 liberumn‘*
770 1278 1024 1329 coniugum,
1074 1286 1382 1330 parentumque
1429 1275 1619 1322 laetitia,
1671 1292 1678 1297 ·

257 1363 364 1402 pax,
392 1349 527 1402 quies,
569 1363 708 1388 rerum
743 1363 822 1402 per
860 1352 1062 1390 virtutem
1094 1359 1320 1402 partarum
1351 1362 1497 1388 secura
1523 1361 1620 1399 pos·
1696 1341 1703 1386 F

257 1423 408 1462 sessio.
478 1422 564 1462 Sed
610 1423 657 1461 in
701 1437 837 1471 novo,
874 1433 919 1463 et
958 1420 1019 1472 (si
1056 1437 1206 1462 verum
1228 1418 1377 1480 fateri
1405 1420 1620 1470 volumus)
1653 1424 1677 1454 6

258 1495 455 1548 precario
484 1495 681 1548 imperio,
714 1497 854 1536 adhue
879 1498 1027 1550 iugum
1053 1497 1144 1534 eius
1170 1496 1321 1547 rigida
1341 1495 1506 1534 cervice
1530 1491 1624 1532 sub-

260 1566 457 1606 euntibus
483 1567 692 1618 barbaris,
729 1579 935 1623 tempore,
973 1570 1148 1616 milites,
1180 1582 1284 1622 opus
1312 1577 1390 1614 est,
1422 1568 1522 1607 dum
1549 1567 1624 1604 mi-

1695 1553 1703 1628 ff

261 1641 448 1682 tioribus
474 1643 664 1694 ingeniis
700 1643 956 1689 imbuuntur,
974 1643 987 1668 ⁵
1024 1653 1069 1682 et
1097 1639 1306 1699 efferatos
1336 1641 1509 1681 mollior
1533 1653 1626 1679 con-

261 1715 443 1755 suetudo
460 1717 706 1767 permulcet.
723 1716 743 1740 ⁶
772 1719 935 1768 Fruges
954 1730 1118 1770 quoque
1139 1716 1437 1755 maturitatem
1456 1721 1625 1753 statuto

263 1797 457 1842 tempore
489 1798 747 1842 expectant:
783 1790 891 1828 adeo
929 1789 1060 1827 etiam
1090 1788 1168 1828 illa
1210 1803 1358 1827 sensus
1386 1788 1524 1827 omnis
1554 1800 1625 1825 ex-

262 1863 423 1915 pertia,
451 1871 592 1902 tamen
629 1877 706 1902 sua
739 1863 832 1916 lege
862 1864 1101 1902 mitescunt.
1165 1861 1315 1925 Quid?
1345 1861 1526 1900 creditis
1555 1868 1626 1899 tot

265 1944 429 1988 gentes,
460 1935 642 1976 alterius
663 1937 846 1990 imperio
865 1949 911 1974 ac
937 1936 1106 1976 nornine
1135 1944 1347 1980 assuetas,
1376 1948 1460 1973 non
1478 1932 1629 1976 sacris,

268 2022 353 2048 non
383 2009 587 2058 moribus,
619 2024 704 2050 non
745 2010 994 2050 commercio
1034 2009 1209 2060 linguae
1238 2008 1455 2048 nobiscum
1483 2007 1629 2046 cohae-

269 2089 424 2128 rentes,
453 2082 600 2122 eodem
636 2083 804 2135 proelio
841 2084 1033 2123 domitas
1070 2096 1172 2129 esse,
1213 2096 1296 2135 qno
1328 2082 1471 2128 victae
1502 2078 1631 2118 sunt?

275 2154 450 2196 Vestris
487 2157 621 2195 armis
655 2157 949 2203 continentur,
985 2170 1068 2194 non
1104 2157 1195 2194 suis
1235 2154 1443 2202 moribus,
1482 2162 1526 2192 et
1557 2153 1632 2207 qui

269 2237 519 2281 praesentes
549 2238 755 2278 metuunt,
786 2231 831 2269 in
857 2227 1053 2269 absentia
1080 2229 1225 2268 hostes
1249 2237 1384 2267 erunt.
1449 2227 1553 2266 Cum
1558 2222 1631 2284 fe-

272 2288 336 2341 ris
361 2302 514 2342 bestiis
554 2317 622 2342 res
661 2312 737 2349 est,
774 2317 879 2355 quas
907 2311 1063 2356 captas
1093 2311 1137 2340 et
1162 2301 1354 2346 inclmas,
1384 2301 1488 2354 quia
1515 2301 1632 2353 ipsa·

271 2391 366 2416 rum
398 2386 554 2417 natura
584 2390 667 2416 non
695 2385 857 2429 potest,
893 2376 1065 2427 longior
1095 2376 1189 2415 dies
1223 2375 1415 2427 mitigat.

278 2536 296 2560 1
325 2536 415 2569 orsi.
656 2533 676 2559 2
704 2536 752 2569 ad
777 2536 1082 2581 Hellespontum.
1323 2534 1341 2564 3
1369 2533 1632 2567 renitentibus.

367 2590 390 2622 4
413 2589 637 2623 liberorum.
850 2592 869 2620 5
896 2591 1129 2626 imbuantur.
1345 2589 1364 2614 6
1390 2589 1636 2634 permulceat,
1691 2590 1703 2615 τ’

369 2655 419 2677 ex
445 2645 598 2688 ingenio
625 2643 835 2679 editorum.
