<?xml version="1.0" encoding="UTF-8"?>
<!DOCTYPE html PUBLIC "-//W3C//DTD XHTML 1.0 Transitional//EN"
    "http://www.w3.org/TR/xhtml1/DTD/xhtml1-transitional.dtd">
<html xmlns="http://www.w3.org/1999/xhtml" xml:lang="en" lang="en">
 <head>
  <title>
</title>
<meta http-equiv="Content-Type" content="text/html;charset=utf-8" />
  <meta name='ocr-system' content='tesseract 3.04.00' />
  <meta name='ocr-capabilities' content='ocr_page ocr_carea ocr_par ocr_line ocrx_word'/>
</head>
<body>
  <div class='ocr_page' id='page_1' title='image "./degestisalexandr00curtuoft_0053.png"; bbox 0 0 1703 2961; ppageno 0'>
   <div class='ocr_carea' id='block_1_1' title="bbox 415 114 1450 161">
    <p class='ocr_par' dir='ltr' id='par_1_1' title="bbox 415 114 1450 161">
     <span class='ocr_line' id='line_1_1' title="bbox 415 114 1450 161; baseline 0.002 -6"><span class='ocrx_word' id='word_1_1' title='bbox 415 118 494 155; x_wconf 86' lang='lat' dir='ltr'><strong>DE</strong></span> <span class='ocrx_word' id='word_1_2' title='bbox 522 114 908 155; x_wconf 79' lang='lat' dir='ltr'><strong>GESTIS&#39;ALEX.</strong></span> <span class='ocrx_word' id='word_1_3' title='bbox 947 114 1031 161; x_wconf 87' lang='lat'><em>111,</em></span> <span class='ocrx_word' id='word_1_4' title='bbox 1065 116 1127 156; x_wconf 88' lang='grc'><strong>11.</strong></span> <span class='ocrx_word' id='word_1_5' title='bbox 1400 117 1450 158; x_wconf 82' lang='grc'><strong>15</strong></span> 
     </span>
    </p>
   </div>
   <div class='ocr_carea' id='block_1_2' title="bbox 0 225 1510 1503">
    <p class='ocr_par' dir='ltr' id='par_1_2' title="bbox 0 225 1510 1503">
     <span class='ocr_line' id='line_1_2' title="bbox 43 225 1510 282; baseline -0.002 -15"><span class='ocrx_word' id='word_1_6' title='bbox 43 247 85 268; x_wconf 74' lang='grc' dir='ltr'><strong>ιτ</strong></span> <span class='ocrx_word' id='word_1_7' title='bbox 174 229 421 271; x_wconf 83' lang='lat' dir='ltr'>Alexander</span> <span class='ocrx_word' id='word_1_8' title='bbox 454 228 599 268; x_wconf 75' lang='lat' dir='ltr'><strong>fauces</strong></span> <span class='ocrx_word' id='word_1_9' title='bbox 636 225 740 278; x_wconf 76' lang='lat' dir='ltr'><strong>iugi,</strong></span> <span class='ocrx_word' id='word_1_10' title='bbox 777 241 892 282; x_wconf 71' lang='lat' dir='ltr'><strong>quae,</strong></span> <span class='ocrx_word' id='word_1_11' title='bbox 920 225 1048 280; x_wconf 80' lang='lat' dir='ltr'>Pylae</span> <span class='ocrx_word' id='word_1_12' title='bbox 1078 226 1362 282; x_wconf 79' lang='lat' dir='ltr'><strong>appellantur,</strong></span> <span class='ocrx_word' id='word_1_13' title='bbox 1394 225 1510 268; x_wconf 70' lang='grc' dir='ltr'>ἑτι-11</span> 
     </span>
     <span class='ocr_line' id='line_1_3' title="bbox 89 297 1455 354; baseline -0.001 -11"><span class='ocrx_word' id='word_1_14' title='bbox 89 302 234 345; x_wconf 78' lang='lat' dir='ltr'><strong>travit.</strong></span> <span class='ocrx_word' id='word_1_15' title='bbox 320 298 659 354; x_wconf 73' lang='lat' dir='ltr'><strong>Contemplatus</strong></span> <span class='ocrx_word' id='word_1_16' title='bbox 705 297 920 338; x_wconf 74' lang='lat' dir='ltr'><strong>locorumv</strong></span> <span class='ocrx_word' id='word_1_17' title='bbox 952 297 1109 344; x_wconf 85' lang='lat' dir='ltr'><strong>situm,</strong></span> <span class='ocrx_word' id='word_1_18' title='bbox 1145 302 1155 321; x_wconf 90' lang='lat'>¹</span> <span class='ocrx_word' id='word_1_19' title='bbox 1214 315 1305 341; x_wconf 89' lang='lat' dir='ltr'><strong>non</strong></span> <span class='ocrx_word' id='word_1_20' title='bbox 1352 299 1455 341; x_wconf 76' lang='lat' dir='ltr'><strong>alias</strong></span> 
     </span>
     <span class='ocr_line' id='line_1_4' title="bbox 91 367 1456 430; baseline -0.001 -15"><span class='ocrx_word' id='word_1_21' title='bbox 91 374 228 430; x_wconf 76' lang='lat' dir='ltr'><strong>magis</strong></span> <span class='ocrx_word' id='word_1_22' title='bbox 267 373 428 415; x_wconf 88' lang='lat' dir='ltr'><strong>dicitur</strong></span> <span class='ocrx_word' id='word_1_23' title='bbox 472 369 713 412; x_wconf 77' lang='lat' dir='ltr'><strong>admiratus</strong></span> <span class='ocrx_word' id='word_1_24' title='bbox 752 383 842 409; x_wconf 84' lang='lat' dir='ltr'><strong>esse</strong></span> <span class='ocrx_word' id='word_1_25' title='bbox 883 367 1135 409; x_wconf 74' lang='lat' dir='ltr'><strong>felicitatem</strong></span> <span class='ocrx_word' id='word_1_26' title='bbox 1174 384 1319 413; x_wconf 80' lang='lat' dir='ltr'><strong>suam.-</strong></span> <span class='ocrx_word' id='word_1_27' title='bbox 1379 372 1456 413; x_wconf 90' lang='lat' dir='ltr'><strong>ob-</strong></span> 
     </span>
     <span class='ocr_line' id='line_1_5' title="bbox 89 438 1453 502; baseline 0 -16"><span class='ocrx_word' id='word_1_28' title='bbox 89 446 157 487; x_wconf 86' lang='lat' dir='ltr'><strong>rui</strong></span> <span class='ocrx_word' id='word_1_29' title='bbox 187 446 378 502; x_wconf 86' lang='lat' dir='ltr'><strong>potuisse</strong></span> <span class='ocrx_word' id='word_1_30' title='bbox 406 443 471 485; x_wconf 87' lang='lat' dir='ltr'><strong>vel</strong></span> <span class='ocrx_word' id='word_1_31' title='bbox 498 441 606 483; x_wconf 82' lang='lat' dir='ltr'><strong>saxis</strong></span> <span class='ocrx_word' id='word_1_32' title='bbox 633 438 944 489; x_wconf 87' lang='lat' dir='ltr'><strong>confitebatur,</strong></span> <span class='ocrx_word' id='word_1_33' title='bbox 976 440 1007 482; x_wconf 87' lang='lat' dir='ltr'><strong>si</strong></span> <span class='ocrx_word' id='word_1_34' title='bbox 1033 440 1238 488; x_wconf 77' lang='lat' dir='ltr'><strong>fuissent,</strong></span> <span class='ocrx_word' id='word_1_35' title='bbox 1267 444 1338 499; x_wconf 88' lang='lat' dir='ltr'><strong>qui</strong></span> <span class='ocrx_word' id='word_1_36' title='bbox 1374 445 1453 486; x_wconf 85' lang='lat' dir='ltr'><strong>in²</strong></span> 
     </span>
     <span class='ocr_line' id='line_1_6' title="bbox 32 511 1458 572; baseline 0.001 -16"><span class='ocrx_word' id='word_1_37' title='bbox 32 518 324 559; x_wconf 80' lang='lat' dir='ltr'><strong>12subeuntes</strong></span> <span class='ocrx_word' id='word_1_38' title='bbox 362 513 668 572; x_wconf 83' lang='lat' dir='ltr'><strong>propellerent.</strong></span> <span class='ocrx_word' id='word_1_39' title='bbox 742 512 832 552; x_wconf 88' lang='lat' dir='ltr'><strong>Iter</strong></span> <span class='ocrx_word' id='word_1_40' title='bbox 876 511 944 553; x_wconf 87' lang='lat' dir='ltr'><strong>vix</strong></span> <span class='ocrx_word' id='word_1_41' title='bbox 981 519 1218 569; x_wconf 75' lang='lat' dir='ltr'><strong>quaternos</strong></span> <span class='ocrx_word' id='word_1_42' title='bbox 1257 515 1458 570; x_wconf 77' lang='lat' dir='ltr'><strong>capiebat</strong></span> 
     </span>
     <span class='ocr_line' id='line_1_7' title="bbox 93 584 1458 634; baseline -0.001 -4"><span class='ocrx_word' id='word_1_43' title='bbox 93 596 305 630; x_wconf 79' lang='lat' dir='ltr'><strong>armatos:</strong></span> <span class='ocrx_word' id='word_1_44' title='bbox 364 587 544 628; x_wconf 81' lang='lat' dir='ltr'><strong>dorsum</strong></span> <span class='ocrx_word' id='word_1_45' title='bbox 589 584 756 625; x_wconf 81' lang='lat' dir='ltr'><strong>montis</strong></span> <span class='ocrx_word' id='word_1_46' title='bbox 794 584 1054 625; x_wconf 81' lang='lat' dir='ltr'><strong>imminebat</strong></span> <span class='ocrx_word' id='word_1_47' title='bbox 1091 585 1203 634; x_wconf 85' lang='lat' dir='ltr'><strong>viae,</strong></span> <span class='ocrx_word' id='word_1_48' title='bbox 1252 601 1343 628; x_wconf 93' lang='lat' dir='ltr'><strong>non</strong></span> <span class='ocrx_word' id='word_1_49' title='bbox 1385 602 1458 628; x_wconf 88' lang='lat' dir='ltr'><strong>an-</strong></span> 
     </span>
     <span class='ocr_line' id='line_1_8' title="bbox 89 655 1462 717; baseline -0.001 -16"><span class='ocrx_word' id='word_1_50' title='bbox 89 658 411 717; x_wconf 78' lang='lat' dir='ltr'><strong>gustaemodo,</strong></span> <span class='ocrx_word' id='word_1_51' title='bbox 441 656 518 698; x_wconf 87' lang='lat' dir='ltr'><strong>scd</strong></span> <span class='ocrx_word' id='word_1_52' title='bbox 548 655 809 712; x_wconf 77' lang='lat' dir='ltr'><strong>plerumque</strong></span> <span class='ocrx_word' id='word_1_53' title='bbox 838 663 1114 712; x_wconf 84' lang='lat' dir='ltr'><strong>praeruptae,</strong></span> <span class='ocrx_word' id='word_1_54' title='bbox 1142 657 1311 699; x_wconf 21' lang='lat' dir='ltr'><strong>*crebris</strong></span> <span class='ocrx_word' id='word_1_55' title='bbox 1329 660 1462 700; x_wconf 88' lang='lat' dir='ltr'><strong>ober-</strong></span> 
     </span>
     <span class='ocr_line' id='line_1_9' title="bbox 90 727 1457 784; baseline 0.001 -12"><span class='ocrx_word' id='word_1_56' title='bbox 90 732 290 773; x_wconf 75' lang='lat' dir='ltr'><strong>rantibus</strong></span> <span class='ocrx_word' id='word_1_57' title='bbox 335 730 455 779; x_wconf 78' lang='lat' dir='ltr'><strong>rivis,</strong></span> <span class='ocrx_word' id='word_1_58' title='bbox 517 727 590 784; x_wconf 87' lang='lat' dir='ltr'><strong>qui</strong></span> <span class='ocrx_word' id='word_1_59' title='bbox 636 741 686 768; x_wconf 86' lang='lat' dir='ltr'><strong>ex</strong></span> <span class='ocrx_word' id='word_1_60' title='bbox 734 727 950 769; x_wconf 86' lang='lat' dir='ltr'><strong>radicibus</strong></span> <span class='ocrx_word' id='word_1_61' title='bbox 989 728 1210 770; x_wconf 85' lang='lat' dir='ltr'><strong>montium</strong></span> <span class='ocrx_word' id='word_1_62' title='bbox 1261 739 1457 773; x_wconf 84' lang='lat' dir='ltr'><strong>manant.</strong></span> 
     </span>
     <span class='ocr_line' id='line_1_10' title="bbox 0 793 1457 856; baseline -0.001 -10"><span class='ocrx_word' id='word_1_63' title='bbox 0 793 283 849; x_wconf 79' lang='lat' dir='ltr'><strong>&#39;¹13Thracas</strong></span> <span class='ocrx_word' id='word_1_64' title='bbox 329 809 481 843; x_wconf 86' lang='lat' dir='ltr'><strong>tamen</strong></span> <span class='ocrx_word' id='word_1_65' title='bbox 525 799 677 841; x_wconf 87' lang='lat' dir='ltr'><strong>leviter</strong></span> <span class='ocrx_word' id='word_1_66' title='bbox 719 806 913 840; x_wconf 79' lang='lat' dir='ltr'><strong>armatos</strong></span> <span class='ocrx_word' id='word_1_67' title='bbox 960 801 1225 856; x_wconf 86' lang='lat' dir='ltr'><strong>praecedere</strong></span> <span class='ocrx_word' id='word_1_68' title='bbox 1265 803 1457 854; x_wconf 87' lang='lat' dir='ltr'><strong>iusserat,</strong></span> 
     </span>
     <span class='ocr_line' id='line_1_11' title="bbox 90 870 1458 932; baseline 0.001 -15"><span class='ocrx_word' id='word_1_69' title='bbox 90 875 362 932; x_wconf 86' lang='lat' dir='ltr'><strong>scrutarique</strong></span> <span class='ocrx_word' id='word_1_70' title='bbox 398 873 550 920; x_wconf 82' lang='lat' dir='ltr'><strong>calles,</strong></span> <span class='ocrx_word' id='word_1_71' title='bbox 604 887 658 912; x_wconf 87' lang='lat' dir='ltr'><strong>ne</strong></span> <span class='ocrx_word' id='word_1_72' title='bbox 705 871 903 912; x_wconf 81' lang='lat' dir='ltr'><strong>occultus</strong></span> <span class='ocrx_word' id='word_1_73' title='bbox 947 870 1086 912; x_wconf 81' lang='lat' dir='ltr'><strong>hostis</strong></span> <span class='ocrx_word' id='word_1_74' title='bbox 1137 873 1188 914; x_wconf 80' lang='lat' dir='ltr'><strong>in</strong></span> <span class='ocrx_word' id='word_1_75' title='bbox 1220 875 1458 919; x_wconf 79' lang='lat' dir='ltr'><strong>subeuntes</strong></span> 
     </span>
     <span class='ocr_line' id='line_1_12' title="bbox 91 943 1458 1005; baseline 0 -16"><span class='ocrx_word' id='word_1_76' title='bbox 91 954 353 1005; x_wconf 69' lang='lat' dir='ltr'><strong>erumperet.</strong></span> <span class='ocrx_word' id='word_1_77' title='bbox 437 943 773 1000; x_wconf 81' lang='lat' dir='ltr'><strong>Sagittariorum</strong></span> <span class='ocrx_word' id='word_1_78' title='bbox 815 958 991 1000; x_wconf 86' lang='lat' dir='ltr'><strong>quoque</strong></span> <span class='ocrx_word' id='word_1_79' title='bbox 1029 959 1186 986; x_wconf 83' lang='lat' dir='ltr'><strong>manus</strong></span> <span class='ocrx_word' id='word_1_80' title='bbox 1216 961 1458 1003; x_wconf 85' lang='lat' dir='ltr'><strong>occupave-</strong></span> 
     </span>
     <span class='ocr_line' id='line_1_13' title="bbox 90 1013 1460 1075; baseline 0 -14"><span class='ocrx_word' id='word_1_81' title='bbox 90 1028 159 1061; x_wconf 83' lang='lat' dir='ltr'><strong>rat</strong></span> <span class='ocrx_word' id='word_1_82' title='bbox 197 1021 365 1075; x_wconf 78' lang='lat' dir='ltr'><strong>iugum:</strong></span> <span class='ocrx_word' id='word_1_83' title='bbox 403 1018 595 1058; x_wconf 83' lang='lat' dir='ltr'><strong>intentos</strong></span> <span class='ocrx_word' id='word_1_84' title='bbox 633 1029 759 1056; x_wconf 86' lang='lat' dir='ltr'><strong>arcus</strong></span> <span class='ocrx_word' id='word_1_85' title='bbox 791 1013 1027 1067; x_wconf 86' lang='lat' dir='ltr'><strong>habebant,</strong></span> <span class='ocrx_word' id='word_1_86' title='bbox 1055 1017 1224 1067; x_wconf 89' lang='lat' dir='ltr'><strong>moniti,</strong></span> <span class='ocrx_word' id='word_1_87' title='bbox 1254 1033 1346 1059; x_wconf 92' lang='lat' dir='ltr'><strong>non</strong></span> <span class='ocrx_word' id='word_1_88' title='bbox 1375 1020 1460 1061; x_wconf 91' lang='lat' dir='ltr'><strong>iter</strong></span> 
     </span>
     <span class='ocr_line' id='line_1_14' title="bbox 0 1082 1459 1148; baseline 0 -16"><span class='ocrx_word' id='word_1_89' title='bbox 0 1082 2 1135; x_wconf 66' lang='grc' dir='ltr'><strong>ξ</strong></span> <span class='ocrx_word' id='word_1_90' title='bbox 34 1092 204 1148; x_wconf 64' lang='grc' dir='ltr'>ηἰρεοε</span> <span class='ocrx_word' id='word_1_91' title='bbox 234 1090 355 1139; x_wconf 85' lang='lat' dir='ltr'><strong>inire,</strong></span> <span class='ocrx_word' id='word_1_92' title='bbox 375 1089 459 1130; x_wconf 33' lang='lat' dir='ltr'><strong>ised</strong></span> <span class='ocrx_word' id='word_1_93' title='bbox 489 1087 719 1145; x_wconf 89' lang='lat' dir='ltr'><strong>proelium.</strong></span> <span class='ocrx_word' id='word_1_94' title='bbox 766 1120 769 1123; x_wconf 44' lang='lat'><em>1</em></span> <span class='ocrx_word' id='word_1_95' title='bbox 796 1086 894 1128; x_wconf 91' lang='lat' dir='ltr'><strong>Hoc</strong></span> <span class='ocrx_word' id='word_1_96' title='bbox 933 1088 1274 1146; x_wconf 77' lang='lat' dir='ltr'><strong>modoagmen</strong></span> <span class='ocrx_word' id='word_1_97' title='bbox 1309 1106 1459 1147; x_wconf 85' lang='lat' dir='ltr'><strong>perve-</strong></span> 
     </span>
     <span class='ocr_line' id='line_1_15' title="bbox 0 1157 1458 1233; baseline 0 -29"><span class='ocrx_word' id='word_1_98' title='bbox 0 1188 1 1233; x_wconf 32' lang='grc'>1</span> <span class='ocrx_word' id='word_1_99' title='bbox 94 1163 157 1204; x_wconf 88' lang='lat' dir='ltr'><strong>nit</strong></span> <span class='ocrx_word' id='word_1_100' title='bbox 184 1162 240 1203; x_wconf 88' lang='lat' dir='ltr'><strong>ad</strong></span> <span class='ocrx_word' id='word_1_101' title='bbox 277 1161 436 1202; x_wconf 89' lang='lat' dir='ltr'><strong>urbem</strong></span> <span class='ocrx_word' id='word_1_102' title='bbox 477 1161 662 1208; x_wconf 85' lang='lat' dir='ltr'><strong>Tarson,</strong></span> <span class='ocrx_word' id='word_1_103' title='bbox 703 1157 773 1199; x_wconf 84' lang='lat' dir='ltr'><strong>cui</strong></span> <span class='ocrx_word' id='word_1_104' title='bbox 798 1165 894 1198; x_wconf 85' lang='lat' dir='ltr'><strong>tum</strong></span> <span class='ocrx_word' id='word_1_105' title='bbox 922 1160 1110 1202; x_wconf 84' lang='lat' dir='ltr'><strong>maxime</strong></span> <span class='ocrx_word' id='word_1_106' title='bbox 1141 1162 1296 1204; x_wconf 87' lang='lat' dir='ltr'><strong>Persae</strong></span> <span class='ocrx_word' id='word_1_107' title='bbox 1329 1164 1458 1204; x_wconf 89' lang='lat' dir='ltr'><strong>subii-</strong></span> 
     </span>
     <span class='ocr_line' id='line_1_16' title="bbox 97 1230 1458 1290; baseline 0 -13"><span class='ocrx_word' id='word_1_108' title='bbox 97 1234 272 1277; x_wconf 81' lang='lat' dir='ltr'><strong>ciebant</strong></span> <span class='ocrx_word' id='word_1_109' title='bbox 307 1234 475 1290; x_wconf 81' lang='lat' dir='ltr'><strong>ignem,</strong></span> <span class='ocrx_word' id='word_1_110' title='bbox 514 1247 570 1272; x_wconf 87' lang='lat' dir='ltr'><strong>ne</strong></span> <span class='ocrx_word' id='word_1_111' title='bbox 615 1230 875 1287; x_wconf 85' lang='lat' dir='ltr'><strong>opulentum</strong></span> <span class='ocrx_word' id='word_1_112' title='bbox 916 1232 1130 1288; x_wconf 88' lang='lat' dir='ltr'><strong>oppidum</strong></span> <span class='ocrx_word' id='word_1_113' title='bbox 1166 1232 1303 1276; x_wconf 85' lang='lat' dir='ltr'><strong>hostis</strong></span> <span class='ocrx_word' id='word_1_114' title='bbox 1340 1236 1458 1277; x_wconf 78' lang='lat' dir='ltr'><strong>inva-</strong></span> 
     </span>
     <span class='ocr_line' id='line_1_17' title="bbox 37 1302 1456 1355; baseline -0.001 -5"><span class='ocrx_word' id='word_1_115' title='bbox 37 1328 78 1355; x_wconf 79' lang='lat'><strong>¹5</strong></span> <span class='ocrx_word' id='word_1_116' title='bbox 96 1307 234 1349; x_wconf 67' lang='lat' dir='ltr'><strong>deret..</strong></span> <span class='ocrx_word' id='word_1_117' title='bbox 287 1306 345 1346; x_wconf 86' lang='lat' dir='ltr'><strong>At</strong></span> <span class='ocrx_word' id='word_1_118' title='bbox 371 1305 455 1352; x_wconf 86' lang='lat' dir='ltr'><strong>ille,</strong></span> <span class='ocrx_word' id='word_1_119' title='bbox 484 1303 777 1345; x_wconf 86' lang='lat' dir='ltr'><strong>Parmenione</strong></span> <span class='ocrx_word' id='word_1_120' title='bbox 805 1303 860 1343; x_wconf 88' lang='lat' dir='ltr'><strong>ad</strong></span> <span class='ocrx_word' id='word_1_121' title='bbox 890 1302 1181 1347; x_wconf 85' lang='lat' dir='ltr'><strong>inhibendum</strong></span> <span class='ocrx_word' id='word_1_122' title='bbox 1201 1307 1456 1349; x_wconf 82' lang='lat' dir='ltr'><strong>incendium</strong></span> 
     </span>
     <span class='ocr_line' id='line_1_18' title="bbox 96 1375 1457 1434; baseline 0 -13"><span class='ocrx_word' id='word_1_123' title='bbox 96 1394 198 1421; x_wconf 86' lang='lat' dir='ltr'><strong>cum</strong></span> <span class='ocrx_word' id='word_1_124' title='bbox 242 1377 441 1434; x_wconf 85' lang='lat' dir='ltr'><strong>expedita</strong></span> <span class='ocrx_word' id='word_1_125' title='bbox 489 1391 625 1417; x_wconf 87' lang='lat' dir='ltr'><strong>manu</strong></span> <span class='ocrx_word' id='word_1_126' title='bbox 666 1375 927 1431; x_wconf 85' lang='lat' dir='ltr'><strong>praemisso,</strong></span> <span class='ocrx_word' id='word_1_127' title='bbox 964 1384 1201 1434; x_wconf 87' lang='lat' dir='ltr'><strong>postquam</strong></span> <span class='ocrx_word' id='word_1_128' title='bbox 1244 1379 1457 1422; x_wconf 84' lang='lat' dir='ltr'><strong>barbaros</strong></span> 
     </span>
     <span class='ocr_line' id='line_1_19' title="bbox 94 1447 1457 1503; baseline 0.002 -11"><span class='ocrx_word' id='word_1_129' title='bbox 94 1451 283 1492; x_wconf 80' lang='lat' dir='ltr'><strong>adventu</strong></span> <span class='ocrx_word' id='word_1_130' title='bbox 320 1463 502 1490; x_wconf 87' lang='lat' dir='ltr'><strong>suorum</strong></span> <span class='ocrx_word' id='word_1_131' title='bbox 539 1447 710 1503; x_wconf 77' lang='lat' dir='ltr'><strong>fugatos</strong></span> <span class='ocrx_word' id='word_1_132' title='bbox 760 1462 850 1488; x_wconf 84' lang='lat' dir='ltr'><strong>esse</strong></span> <span class='ocrx_word' id='word_1_133' title='bbox 889 1450 1118 1503; x_wconf 77' lang='lat' dir='ltr'><strong>cognovit,</strong></span> <span class='ocrx_word' id='word_1_134' title='bbox 1153 1451 1311 1493; x_wconf 81' lang='lat' dir='ltr'><strong>urbem</strong></span> <span class='ocrx_word' id='word_1_135' title='bbox 1349 1467 1374 1493; x_wconf 88' lang='lat' dir='ltr'><strong>a</strong></span> <span class='ocrx_word' id='word_1_136' title='bbox 1409 1469 1457 1495; x_wconf 81' lang='lat' dir='ltr'><strong>se</strong></span> 
     </span>
    </p>
   </div>
   <div class='ocr_carea' id='block_1_3' title="bbox 95 1521 574 1565">
    <p class='ocr_par' dir='ltr' id='par_1_3' title="bbox 95 1521 574 1565">
     <span class='ocr_line' id='line_1_20' title="bbox 95 1521 574 1565; baseline -0.011 0"><span class='ocrx_word' id='word_1_137' title='bbox 95 1528 396 1565; x_wconf 72' lang='lat' dir='ltr'><strong>conservatam</strong></span> <span class='ocrx_word' id='word_1_138' title='bbox 426 1521 574 1561; x_wconf 83' lang='lat' dir='ltr'><strong>intrat.</strong></span> 
     </span>
    </p>
   </div>
   <div class='ocr_carea' id='block_1_4' title="bbox 59 1612 1518 2472">
    <p class='ocr_par' dir='ltr' id='par_1_4' title="bbox 59 1612 1518 1823">
     <span class='ocr_line' id='line_1_21' title="bbox 59 1612 1518 1686; baseline 0.004 -23"><span class='ocrx_word' id='word_1_139' title='bbox 59 1643 93 1670; x_wconf 77' lang='lat' dir='ltr'><strong>v,</strong></span> <span class='ocrx_word' id='word_1_140' title='bbox 178 1621 376 1664; x_wconf 87' lang='lat' dir='ltr'><strong>Mediam</strong></span> <span class='ocrx_word' id='word_1_141' title='bbox 408 1619 589 1677; x_wconf 82' lang='lat' dir='ltr'><strong>Cydnus</strong></span> <span class='ocrx_word' id='word_1_142' title='bbox 620 1619 770 1680; x_wconf 85' lang='lat' dir='ltr'><strong>amnis,</strong></span> <span class='ocrx_word' id='word_1_143' title='bbox 802 1619 855 1660; x_wconf 88' lang='lat' dir='ltr'><strong>de</strong></span> <span class='ocrx_word' id='word_1_144' title='bbox 887 1635 974 1677; x_wconf 81' lang='lat' dir='ltr'><strong>quo</strong></span> <span class='ocrx_word' id='word_1_145' title='bbox 998 1612 1130 1686; x_wconf 83' lang='lat' dir='ltr'><strong>paulo</strong></span> <span class='ocrx_word' id='word_1_146' title='bbox 1160 1626 1259 1665; x_wconf 79' lang='lat' dir='ltr'><strong>ante</strong></span> <span class='ocrx_word' id='word_1_147' title='bbox 1290 1625 1518 1671; x_wconf 77' lang='lat' dir='ltr'><strong>dictum12</strong></span> 
     </span>
     <span class='ocr_line' id='line_1_22' title="bbox 103 1677 1457 1745; baseline 0.004 -9"><span class='ocrx_word' id='word_1_148' title='bbox 103 1703 178 1745; x_wconf 77' lang='lat' dir='ltr'><strong>est,</strong></span> <span class='ocrx_word' id='word_1_149' title='bbox 218 1692 443 1739; x_wconf 79' lang='lat' dir='ltr'><strong>interfluit,</strong></span> <span class='ocrx_word' id='word_1_150' title='bbox 486 1699 530 1732; x_wconf 80' lang='lat' dir='ltr'><strong>et</strong></span> <span class='ocrx_word' id='word_1_151' title='bbox 558 1677 673 1732; x_wconf 87' lang='lat' dir='ltr'><strong>tunc</strong></span> <span class='ocrx_word' id='word_1_152' title='bbox 694 1692 830 1732; x_wconf 83' lang='lat' dir='ltr'><strong>aestas</strong></span> <span class='ocrx_word' id='word_1_153' title='bbox 880 1700 986 1741; x_wconf 85' lang='lat' dir='ltr'><strong>erat,</strong></span> <span class='ocrx_word' id='word_1_154' title='bbox 1037 1694 1157 1735; x_wconf 81' lang='lat' dir='ltr'><strong>cuius</strong></span> <span class='ocrx_word' id='word_1_155' title='bbox 1206 1696 1327 1739; x_wconf 88' lang='lat' dir='ltr'><strong>calor</strong></span> <span class='ocrx_word' id='word_1_156' title='bbox 1364 1699 1457 1741; x_wconf 87' lang='lat' dir='ltr'><strong>non</strong></span> 
     </span>
     <span class='ocr_line' id='line_1_23' title="bbox 99 1761 1458 1823; baseline 0.004 -15.007"><span class='ocrx_word' id='word_1_157' title='bbox 99 1767 229 1808; x_wconf 87' lang='lat' dir='ltr'><strong>aliam</strong></span> <span class='ocrx_word' id='word_1_158' title='bbox 258 1764 393 1823; x_wconf 70' lang='lat' dir='ltr'><strong>magis</strong></span> <span class='ocrx_word' id='word_1_159' title='bbox 431 1778 564 1820; x_wconf 88' lang='lat' dir='ltr'><strong>quam</strong></span> <span class='ocrx_word' id='word_1_160' title='bbox 605 1761 785 1804; x_wconf 78' lang='lat' dir='ltr'><strong>Ciliciae</strong></span> <span class='ocrx_word' id='word_1_161' title='bbox 824 1778 947 1804; x_wconf 82' lang='lat' dir='ltr'><strong>oram</strong></span> <span class='ocrx_word' id='word_1_162' title='bbox 985 1768 1148 1821; x_wconf 70' lang='lat' dir='ltr'><strong>xapore</strong></span> <span class='ocrx_word' id='word_1_163' title='bbox 1179 1768 1280 1810; x_wconf 88' lang='lat' dir='ltr'><strong>solis</strong></span> <span class='ocrx_word' id='word_1_164' title='bbox 1304 1785 1458 1813; x_wconf 64' lang='lat' dir='ltr'><strong>accen&lt;</strong></span> 
     </span>
    </p>

    <p class='ocr_par' dir='ltr' id='par_1_5' title="bbox 63 1825 1458 1896">
     <span class='ocr_line' id='line_1_24' title="bbox 63 1825 1458 1896; baseline 0.001 -15"><span class='ocrx_word' id='word_1_165' title='bbox 63 1840 172 1890; x_wconf 78' lang='lat' dir='ltr'><strong>2dit,</strong></span> <span class='ocrx_word' id='word_1_166' title='bbox 209 1846 252 1879; x_wconf 84' lang='lat' dir='ltr'><strong>et</strong></span> <span class='ocrx_word' id='word_1_167' title='bbox 290 1825 375 1878; x_wconf 85' lang='lat' dir='ltr'><strong>diei</strong></span> <span class='ocrx_word' id='word_1_168' title='bbox 413 1833 750 1896; x_wconf 76' lang='lat' dir='ltr'><strong>fervidissimum</strong></span> <span class='ocrx_word' id='word_1_169' title='bbox 796 1842 970 1892; x_wconf 87' lang='lat' dir='ltr'><strong>tempus</strong></span> <span class='ocrx_word' id='word_1_170' title='bbox 1009 1839 1249 1894; x_wconf 77' lang='lat' dir='ltr'><strong>exceperat.</strong></span> <span class='ocrx_word' id='word_1_171' title='bbox 1276 1843 1292 1869; x_wconf 84' lang='lat'>³</span> <span class='ocrx_word' id='word_1_172' title='bbox 1362 1843 1458 1885; x_wconf 83' lang='lat' dir='ltr'><strong>Pul-</strong></span> 
     </span>
    </p>

    <p class='ocr_par' dir='ltr' id='par_1_6' title="bbox 60 1906 1459 2252">
     <span class='ocr_line' id='line_1_25' title="bbox 60 1906 1459 1965; baseline 0.003 -13"><span class='ocrx_word' id='word_1_173' title='bbox 60 1914 71 1921; x_wconf 53' lang='lat'><em>*</em></span> <span class='ocrx_word' id='word_1_174' title='bbox 96 1926 196 1952; x_wconf 73' lang='lat' dir='ltr'><strong>vere</strong></span> <span class='ocrx_word' id='word_1_175' title='bbox 231 1907 360 1951; x_wconf 84' lang='lat' dir='ltr'><strong>simul</strong></span> <span class='ocrx_word' id='word_1_176' title='bbox 398 1922 448 1950; x_wconf 90' lang='lat' dir='ltr'><strong>ac</strong></span> <span class='ocrx_word' id='word_1_177' title='bbox 490 1907 649 1949; x_wconf 88' lang='lat' dir='ltr'><strong>sudore</strong></span> <span class='ocrx_word' id='word_1_178' title='bbox 671 1907 694 1934; x_wconf 77' lang='lat'>4</span> <span class='ocrx_word' id='word_1_179' title='bbox 730 1906 958 1964; x_wconf 85' lang='lat' dir='ltr'><strong>perfusum</strong></span> <span class='ocrx_word' id='word_1_180' title='bbox 993 1909 1141 1965; x_wconf 74' lang='lat' dir='ltr'><strong>regem</strong></span> <span class='ocrx_word' id='word_1_181' title='bbox 1180 1911 1375 1955; x_wconf 82' lang='lat' dir='ltr'><strong>invitavit</strong></span> <span class='ocrx_word' id='word_1_182' title='bbox 1411 1915 1459 1956; x_wconf 86' lang='lat' dir='ltr'><strong>li-</strong></span> 
     </span>
     <span class='ocr_line' id='line_1_26' title="bbox 97 1977 1457 2039; baseline 0.006 -18"><span class='ocrx_word' id='word_1_183' title='bbox 97 1978 470 2039; x_wconf 63' lang='lat' dir='ltr'><strong>quor&#39;&#39;fluminis,</strong></span> <span class='ocrx_word' id='word_1_184' title='bbox 519 1987 569 2021; x_wconf 85' lang='lat' dir='ltr'><strong>ut</strong></span> <span class='ocrx_word' id='word_1_185' title='bbox 616 1977 806 2022; x_wconf 88' lang='lat' dir='ltr'><strong>calidum</strong></span> <span class='ocrx_word' id='word_1_186' title='bbox 857 1979 1002 2023; x_wconf 89' lang='lat' dir='ltr'><strong>adhuc</strong></span> <span class='ocrx_word' id='word_1_187' title='bbox 1050 1980 1210 2039; x_wconf 81' lang='lat' dir='ltr'><strong>corpus</strong></span> <span class='ocrx_word' id='word_1_188' title='bbox 1246 1985 1457 2030; x_wconf 87' lang='lat' dir='ltr'><strong>ablueret.</strong></span> 
     </span>
     <span class='ocr_line' id='line_1_27' title="bbox 98 2045 1457 2110; baseline 0.004 -15"><span class='ocrx_word' id='word_1_189' title='bbox 98 2047 394 2110; x_wconf 45' lang='lat' dir='ltr'><strong>Itaque&#39;veste</strong></span> <span class='ocrx_word' id='word_1_190' title='bbox 428 2050 624 2108; x_wconf 87' lang='lat' dir='ltr'><strong>deposita</strong></span> <span class='ocrx_word' id='word_1_191' title='bbox 656 2051 701 2092; x_wconf 90' lang='lat' dir='ltr'><strong>in</strong></span> <span class='ocrx_word' id='word_1_192' title='bbox 731 2059 973 2109; x_wconf 81' lang='lat' dir='ltr'><strong>conspectu</strong></span> <span class='ocrx_word' id='word_1_193' title='bbox 997 2045 1191 2109; x_wconf 73' lang='lat' dir='ltr'><strong>agminis,</strong></span> <span class='ocrx_word' id='word_1_194' title='bbox 1224 2055 1457 2107; x_wconf 89' lang='lat' dir='ltr'><strong>(decorum</strong></span> 
     </span>
     <span class='ocr_line' id='line_1_28' title="bbox 100 2119 1457 2187; baseline 0.005 -22"><span class='ocrx_word' id='word_1_195' title='bbox 100 2140 276 2182; x_wconf 85' lang='lat' dir='ltr'><strong>quoque</strong></span> <span class='ocrx_word' id='word_1_196' title='bbox 305 2123 504 2164; x_wconf 85' lang='lat' dir='ltr'><strong>futurum</strong></span> <span class='ocrx_word' id='word_1_197' title='bbox 532 2130 663 2172; x_wconf 80' lang='lat' dir='ltr'><strong>ratus,</strong></span> <span class='ocrx_word' id='word_1_198' title='bbox 692 2123 724 2165; x_wconf 89' lang='lat' dir='ltr'><strong>si</strong></span> <span class='ocrx_word' id='word_1_199' title='bbox 749 2124 1007 2166; x_wconf 82' lang='lat' dir='ltr'><strong>ostendisset</strong></span> <span class='ocrx_word' id='word_1_200' title='bbox 1035 2119 1130 2175; x_wconf 75' lang='lat' dir='ltr'><strong>suis,</strong></span> <span class='ocrx_word' id='word_1_201' title='bbox 1163 2126 1242 2168; x_wconf 85' lang='lat' dir='ltr'><strong>levi</strong></span> <span class='ocrx_word' id='word_1_202' title='bbox 1274 2131 1349 2170; x_wconf 77' lang='lat' dir='ltr'><strong>et⁵</strong></span> <span class='ocrx_word' id='word_1_203' title='bbox 1381 2146 1457 2187; x_wconf 85' lang='lat' dir='ltr'><strong>pa-</strong></span> 
     </span>
     <span class='ocr_line' id='line_1_29' title="bbox 99 2189 1457 2252; baseline 0.004 -14"><span class='ocrx_word' id='word_1_204' title='bbox 99 2197 223 2238; x_wconf 81' lang='lat' dir='ltr'><strong>rabili</strong></span> <span class='ocrx_word' id='word_1_205' title='bbox 266 2195 384 2238; x_wconf 88' lang='lat' dir='ltr'><strong>cultu</strong></span> <span class='ocrx_word' id='word_1_206' title='bbox 420 2195 617 2252; x_wconf 88' lang='lat' dir='ltr'><strong>corporis</strong></span> <span class='ocrx_word' id='word_1_207' title='bbox 645 2211 688 2236; x_wconf 83' lang='lat' dir='ltr'><strong>se</strong></span> <span class='ocrx_word' id='word_1_208' title='bbox 714 2211 804 2237; x_wconf 89' lang='lat' dir='ltr'><strong>esse</strong></span> <span class='ocrx_word' id='word_1_209' title='bbox 834 2189 1124 2247; x_wconf 54' lang='lat' dir='ltr'><strong>contentum)</strong></span> <span class='ocrx_word' id='word_1_210' title='bbox 1157 2199 1382 2242; x_wconf 85' lang='lat' dir='ltr'><strong>descendit</strong></span> <span class='ocrx_word' id='word_1_211' title='bbox 1412 2203 1457 2244; x_wconf 90' lang='lat' dir='ltr'><strong>in</strong></span> 
     </span>
    </p>

    <p class='ocr_par' dir='ltr' id='par_1_7' title="bbox 67 2257 1458 2472">
     <span class='ocr_line' id='line_1_30' title="bbox 67 2257 1454 2329; baseline 0.004 -19"><span class='ocrx_word' id='word_1_212' title='bbox 67 2270 278 2316; x_wconf 71' lang='lat' dir='ltr'><strong>gflumen.</strong></span> <span class='ocrx_word' id='word_1_213' title='bbox 348 2267 513 2323; x_wconf 81' lang='lat' dir='ltr'><strong>Vixque</strong></span> <span class='ocrx_word' id='word_1_214' title='bbox 552 2257 738 2322; x_wconf 22' lang='lat' dir='ltr'><strong>ingressi*</strong></span> <span class='ocrx_word' id='word_1_215' title='bbox 763 2258 909 2309; x_wconf 37' lang='lat' dir='ltr'><strong>&#39;subito</strong></span> <span class='ocrx_word' id='word_1_216' title='bbox 949 2262 1134 2322; x_wconf 85' lang='lat' dir='ltr'><strong>horrore</strong></span> <span class='ocrx_word' id='word_1_217' title='bbox 1168 2265 1285 2313; x_wconf 83' lang='lat' dir='ltr'><strong>artus</strong></span> <span class='ocrx_word' id='word_1_218' title='bbox 1315 2272 1454 2329; x_wconf 78' lang='lat' dir='ltr'><strong>rigere</strong></span> 
     </span>
     <span class='ocr_line' id='line_1_31' title="bbox 101 2338 1458 2401; baseline 0.003 -20"><span class='ocrx_word' id='word_1_219' title='bbox 101 2345 354 2397; x_wconf 83' lang='lat' dir='ltr'><strong>coeperunt,</strong></span> <span class='ocrx_word' id='word_1_220' title='bbox 391 2338 531 2395; x_wconf 86' lang='lat' dir='ltr'><strong>pallor</strong></span> <span class='ocrx_word' id='word_1_221' title='bbox 574 2339 731 2381; x_wconf 82' lang='lat' dir='ltr'><strong>deinde</strong></span> <span class='ocrx_word' id='word_1_222' title='bbox 765 2340 952 2382; x_wconf 84' lang='lat' dir='ltr'><strong>suffusus</strong></span> <span class='ocrx_word' id='word_1_223' title='bbox 991 2350 1064 2390; x_wconf 85' lang='lat' dir='ltr'><strong>est,</strong></span> <span class='ocrx_word' id='word_1_224' title='bbox 1101 2350 1145 2397; x_wconf 86' lang='lat' dir='ltr'><strong>et</strong></span> <span class='ocrx_word' id='word_1_225' title='bbox 1182 2350 1327 2385; x_wconf 87' lang='lat' dir='ltr'><strong>totum</strong></span> <span class='ocrx_word' id='word_1_226' title='bbox 1358 2360 1458 2401; x_wconf 89' lang='lat' dir='ltr'><strong>pro-</strong></span> 
     </span>
     <span class='ocr_line' id='line_1_32' title="bbox 71 2400 1458 2472; baseline 0.004 -20"><span class='ocrx_word' id='word_1_227' title='bbox 71 2400 344 2468; x_wconf 73' lang='lat' dir='ltr'><strong>4pe1n&#39;o&#39;dum</strong></span> <span class='ocrx_word' id='word_1_228' title='bbox 379 2426 538 2467; x_wconf 84' lang='lat' dir='ltr'><strong>corpus</strong></span> <span class='ocrx_word' id='word_1_229' title='bbox 578 2411 716 2454; x_wconf 87' lang='lat' dir='ltr'><strong>vitalis</strong></span> <span class='ocrx_word' id='word_1_230' title='bbox 759 2413 878 2455; x_wconf 91' lang='lat' dir='ltr'><strong>calor</strong></span> <span class='ocrx_word' id='word_1_231' title='bbox 908 2413 1093 2470; x_wconf 82' lang='lat' dir='ltr'><strong>reliquit.</strong></span> <span class='ocrx_word' id='word_1_232' title='bbox 1149 2415 1375 2472; x_wconf 82' lang='lat' dir='ltr'><strong>Expiranti</strong></span> <span class='ocrx_word' id='word_1_233' title='bbox 1405 2418 1458 2459; x_wconf 88' lang='lat' dir='ltr'><strong>si-</strong></span> 
     </span>
    </p>
   </div>
   <div class='ocr_carea' id='block_1_5' title="bbox 100 2557 1449 2655">
    <p class='ocr_par' dir='ltr' id='par_1_8' title="bbox 100 2557 1449 2655">
     <span class='ocr_line' id='line_1_33' title="bbox 100 2557 1449 2609; baseline 0.006 -20"><span class='ocrx_word' id='word_1_234' title='bbox 100 2557 117 2580; x_wconf 89' lang='lat'>1</span> <span class='ocrx_word' id='word_1_235' title='bbox 152 2557 253 2589; x_wconf 72' lang='lat' dir='ltr'><strong>situs.</strong></span> <span class='ocrx_word' id='word_1_236' title='bbox 499 2557 520 2581; x_wconf 80' lang='lat'><strong>2</strong></span> <span class='ocrx_word' id='word_1_237' title='bbox 553 2557 673 2592; x_wconf 64' lang='lat' dir='ltr'><strong>Abest</strong></span> <span class='ocrx_word' id='word_1_238' title='bbox 701 2572 724 2591; x_wconf 83' lang='grc' dir='ltr'><strong>(ι</strong></span> <span class='ocrx_word' id='word_1_239' title='bbox 749 2558 859 2592; x_wconf 80' lang='lat' dir='ltr'><strong>libris</strong></span> <span class='ocrx_word' id='word_1_240' title='bbox 882 2572 963 2594; x_wconf 83' lang='lat' dir='ltr'><strong>mss.</strong></span> <span class='ocrx_word' id='word_1_241' title='bbox 1213 2560 1232 2591; x_wconf 90' lang='grc'>3</span> <span class='ocrx_word' id='word_1_242' title='bbox 1260 2569 1449 2609; x_wconf 77' lang='lat' dir='ltr'><strong>coeperat.</strong></span> 
     </span>
     <span class='ocr_line' id='line_1_34' title="bbox 186 2611 1077 2655; baseline 0.007 -14"><span class='ocrx_word' id='word_1_243' title='bbox 186 2611 208 2641; x_wconf 83' lang='lat'>4</span> <span class='ocrx_word' id='word_1_244' title='bbox 231 2611 386 2655; x_wconf 83' lang='lat' dir='ltr'><strong>pulvere</strong></span> <span class='ocrx_word' id='word_1_245' title='bbox 415 2621 457 2646; x_wconf 77' lang='lat' dir='ltr'><strong>ac</strong></span> <span class='ocrx_word' id='word_1_246' title='bbox 483 2611 770 2652; x_wconf 20' lang='lat' dir='ltr'><strong>sudorelsimul.</strong></span> <span class='ocrx_word' id='word_1_247' title='bbox 973 2615 992 2641; x_wconf 84' lang='grc'>5</span> <span class='ocrx_word' id='word_1_248' title='bbox 1022 2625 1077 2647; x_wconf 74' lang='lat' dir='ltr'><strong>ac.</strong></span> 
     </span>
    </p>
   </div>
  </div>
 </body>
</html>
