<?xml version="1.0" encoding="UTF-8"?>
<!DOCTYPE html PUBLIC "-//W3C//DTD XHTML 1.0 Transitional//EN"
    "http://www.w3.org/TR/xhtml1/DTD/xhtml1-transitional.dtd">
<html xmlns="http://www.w3.org/1999/xhtml" xml:lang="en" lang="en">
 <head>
  <title>
</title>
<meta http-equiv="Content-Type" content="text/html;charset=utf-8" />
  <meta name='ocr-system' content='tesseract 3.04.00' />
  <meta name='ocr-capabilities' content='ocr_page ocr_carea ocr_par ocr_line ocrx_word'/>
</head>
<body>
  <div class='ocr_page' id='page_1' title='image "./degestisalexandr00curtuoft_0371.png"; bbox 0 0 1703 2961; ppageno 0'>
   <div class='ocr_carea' id='block_1_1' title="bbox 306 108 1441 156">
    <p class='ocr_par' dir='ltr' id='par_1_1' title="bbox 306 108 1441 156">
     <span class='ocr_line' id='line_1_1' title="bbox 306 108 1441 156; baseline -0.001 -2"><span class='ocrx_word' id='word_1_1' title='bbox 306 113 388 156; x_wconf 88' lang='lat' dir='ltr'>DE</span> <span class='ocrx_word' id='word_1_2' title='bbox 415 111 622 155; x_wconf 81' lang='lat' dir='ltr'>GEsTts</span> <span class='ocrx_word' id='word_1_3' title='bbox 650 109 821 152; x_wconf 83' lang='lat' dir='ltr'><strong>ALEx.</strong></span> <span class='ocrx_word' id='word_1_4' title='bbox 850 108 986 153; x_wconf 82' lang='lat' dir='ltr'><strong>ARG.</strong></span> <span class='ocrx_word' id='word_1_5' title='bbox 1012 110 1118 153; x_wconf 79' lang='lat' dir='ltr'>Lm.</span> <span class='ocrx_word' id='word_1_6' title='bbox 1147 111 1217 154; x_wconf 77' lang='lat' dir='ltr'>lx.</span> <span class='ocrx_word' id='word_1_7' title='bbox 1357 111 1441 154; x_wconf 71' lang='lat'>303</span> 
     </span>
    </p>
   </div>
   <div class='ocr_carea' id='block_1_2' title="bbox 85 221 1478 2672">
    <p class='ocr_par' dir='ltr' id='par_1_2' title="bbox 85 221 1475 2103">
     <span class='ocr_line' id='line_1_2' title="bbox 85 221 1444 271; baseline -0.003 -11"><span class='ocrx_word' id='word_1_8' title='bbox 85 233 168 260; x_wconf 81' lang='lat' dir='ltr'>ratu</span> <span class='ocrx_word' id='word_1_9' title='bbox 191 225 368 271; x_wconf 78' lang='lat' dir='ltr'>perculsa</span> <span class='ocrx_word' id='word_1_10' title='bbox 393 236 473 258; x_wconf 84' lang='lat' dir='ltr'>sese</span> <span class='ocrx_word' id='word_1_11' title='bbox 501 221 662 256; x_wconf 79' lang='lat' dir='ltr'>dedidit.</span> <span class='ocrx_word' id='word_1_12' title='bbox 711 221 794 267; x_wconf 83' lang='grc'>(31)</span> <span class='ocrx_word' id='word_1_13' title='bbox 817 222 941 255; x_wconf 81' lang='lat' dir='ltr'>Etiam</span> <span class='ocrx_word' id='word_1_14' title='bbox 967 221 1014 256; x_wconf 85' lang='lat' dir='ltr'>ad</span> <span class='ocrx_word' id='word_1_15' title='bbox 1041 234 1154 268; x_wconf 81' lang='lat' dir='ltr'>quam</span> <span class='ocrx_word' id='word_1_16' title='bbox 1177 222 1357 269; x_wconf 75' lang='lat' dir='ltr'>deinceps</span> <span class='ocrx_word' id='word_1_17' title='bbox 1381 232 1444 256; x_wconf 71' lang='lat' dir='ltr'>ve-</span> 
     </span>
     <span class='ocr_line' id='line_1_3' title="bbox 87 282 1443 331; baseline -0.001 -11"><span class='ocrx_word' id='word_1_18' title='bbox 87 294 223 320; x_wconf 87' lang='lat' dir='ltr'>nerunt</span> <span class='ocrx_word' id='word_1_19' title='bbox 248 294 398 331; x_wconf 78' lang='lat' dir='ltr'>gentem</span> <span class='ocrx_word' id='word_1_20' title='bbox 426 284 514 318; x_wconf 77' lang='lat' dir='ltr'>fidei</span> <span class='ocrx_word' id='word_1_21' title='bbox 542 282 694 316; x_wconf 66' lang='lat' dir='ltr'>victoris</span> <span class='ocrx_word' id='word_1_22' title='bbox 720 294 758 315; x_wconf 85' lang='lat' dir='ltr'>se</span> <span class='ocrx_word' id='word_1_23' title='bbox 785 284 968 329; x_wconf 81' lang='lat' dir='ltr'>permisit,</span> <span class='ocrx_word' id='word_1_24' title='bbox 997 284 1036 316; x_wconf 89' lang='lat' dir='ltr'>in</span> <span class='ocrx_word' id='word_1_25' title='bbox 1069 286 1175 318; x_wconf 86' lang='lat' dir='ltr'>cuius</span> <span class='ocrx_word' id='word_1_26' title='bbox 1202 285 1343 318; x_wconf 80' lang='lat' dir='ltr'>finibus</span> <span class='ocrx_word' id='word_1_27' title='bbox 1360 286 1443 319; x_wconf 79' lang='lat' dir='ltr'>Ale-</span> 
     </span>
     <span class='ocr_line' id='line_1_4' title="bbox 86 344 1444 391; baseline -0.001 -10"><span class='ocrx_word' id='word_1_28' title='bbox 86 344 247 383; x_wconf 76' lang='lat' dir='ltr'>xa&#39;ndria</span> <span class='ocrx_word' id='word_1_29' title='bbox 275 348 432 382; x_wconf 87' lang='lat' dir='ltr'>condita</span> <span class='ocrx_word' id='word_1_30' title='bbox 465 353 518 379; x_wconf 89' lang='lat' dir='ltr'>est</span> <span class='ocrx_word' id='word_1_31' title='bbox 557 344 745 377; x_wconf 80' lang='lat' dir='ltr'>Musicani</span> <span class='ocrx_word' id='word_1_32' title='bbox 776 346 871 389; x_wconf 73' lang='lat' dir='ltr'>(sive</span> <span class='ocrx_word' id='word_1_33' title='bbox 893 357 999 390; x_wconf 77' lang='lat' dir='ltr'>gens,</span> <span class='ocrx_word' id='word_1_34' title='bbox 1027 358 1125 391; x_wconf 76' lang='lat' dir='ltr'>quae</span> <span class='ocrx_word' id='word_1_35' title='bbox 1154 347 1356 380; x_wconf 75' lang='lat' dir='ltr'>Musicano</span> <span class='ocrx_word' id='word_1_36' title='bbox 1386 359 1444 380; x_wconf 80' lang='lat' dir='ltr'>re-</span> 
     </span>
     <span class='ocr_line' id='line_1_5' title="bbox 86 406 1447 456; baseline -0.002 -12"><span class='ocrx_word' id='word_1_37' title='bbox 86 411 175 456; x_wconf 77' lang='lat' dir='ltr'>gulo</span> <span class='ocrx_word' id='word_1_38' title='bbox 193 410 395 455; x_wconf 77' lang='lat' dir='ltr'>parebat,)</span> <span class='ocrx_word' id='word_1_39' title='bbox 421 409 460 440; x_wconf 90' lang='lat' dir='ltr'>in</span> <span class='ocrx_word' id='word_1_40' title='bbox 485 407 681 441; x_wconf 78' lang='lat' dir='ltr'>dicionem</span> <span class='ocrx_word' id='word_1_41' title='bbox 707 406 941 450; x_wconf 77' lang='lat' dir='ltr'>rediguntur,</span> <span class='ocrx_word' id='word_1_42' title='bbox 968 408 1102 440; x_wconf 84' lang='lat' dir='ltr'>relicto</span> <span class='ocrx_word' id='word_1_43' title='bbox 1127 408 1169 440; x_wconf 93' lang='lat' dir='ltr'>in</span> <span class='ocrx_word' id='word_1_44' title='bbox 1195 419 1327 441; x_wconf 85' lang='lat' dir='ltr'>eorum</span> <span class='ocrx_word' id='word_1_45' title='bbox 1352 409 1447 441; x_wconf 84' lang='lat' dir='ltr'>urbe</span> 
     </span>
     <span class='ocr_line' id='line_1_6' title="bbox 87 468 1448 519; baseline -0.001 -14"><span class='ocrx_word' id='word_1_46' title='bbox 87 473 293 519; x_wconf 84' lang='lat' dir='ltr'>praesidio.</span> <span class='ocrx_word' id='word_1_47' title='bbox 358 475 590 504; x_wconf 83' lang='lat' dir='ltr'>Praestorum</span> <span class='ocrx_word' id='word_1_48' title='bbox 629 478 694 501; x_wconf 83' lang='lat' dir='ltr'>rex</span> <span class='ocrx_word' id='word_1_49' title='bbox 730 468 971 511; x_wconf 75' lang='lat' dir='ltr'>Porticanus,</span> <span class='ocrx_word' id='word_1_50' title='bbox 1018 477 1233 515; x_wconf 81' lang='lat' dir='ltr'>expugnata</span> <span class='ocrx_word' id='word_1_51' title='bbox 1270 471 1377 512; x_wconf 87' lang='lat' dir='ltr'>urbe,</span> <span class='ocrx_word' id='word_1_52' title='bbox 1405 471 1448 504; x_wconf 91' lang='lat' dir='ltr'>in</span> 
     </span>
     <span class='ocr_line' id='line_1_7' title="bbox 89 529 1447 579; baseline -0.001 -12"><span class='ocrx_word' id='word_1_53' title='bbox 89 545 166 579; x_wconf 85' lang='lat' dir='ltr'>qua</span> <span class='ocrx_word' id='word_1_54' title='bbox 199 545 238 567; x_wconf 88' lang='lat' dir='ltr'>se</span> <span class='ocrx_word' id='word_1_55' title='bbox 275 533 494 572; x_wconf 81' lang='lat' dir='ltr'>incluserat,</span> <span class='ocrx_word' id='word_1_56' title='bbox 530 529 729 563; x_wconf 90' lang='lat' dir='ltr'>occiditur.</span> <span class='ocrx_word' id='word_1_57' title='bbox 787 530 870 574; x_wconf 79' lang='lat'>(32)</span> <span class='ocrx_word' id='word_1_58' title='bbox 906 531 1036 564; x_wconf 88' lang='lat' dir='ltr'>Sambi</span> <span class='ocrx_word' id='word_1_59' title='bbox 1071 542 1230 576; x_wconf 78' lang='lat' dir='ltr'>regnum</span> <span class='ocrx_word' id='word_1_60' title='bbox 1259 533 1447 579; x_wconf 82' lang='lat' dir='ltr'>ingressus</span> 
     </span>
     <span class='ocr_line' id='line_1_8' title="bbox 90 591 1448 640; baseline 0 -12"><span class='ocrx_word' id='word_1_61' title='bbox 90 594 317 634; x_wconf 80' lang='lat' dir='ltr'>Alexander,</span> <span class='ocrx_word' id='word_1_62' title='bbox 343 592 479 625; x_wconf 85' lang='lat' dir='ltr'>multas</span> <span class='ocrx_word' id='word_1_63' title='bbox 503 592 613 624; x_wconf 80' lang='lat' dir='ltr'>urbes</span> <span class='ocrx_word' id='word_1_64' title='bbox 636 591 775 636; x_wconf 81' lang='lat' dir='ltr'>partim</span> <span class='ocrx_word' id='word_1_65' title='bbox 801 591 946 625; x_wconf 81' lang='lat' dir='ltr'>deditas</span> <span class='ocrx_word' id='word_1_66' title='bbox 973 593 1014 626; x_wconf 90' lang='lat' dir='ltr'>in</span> <span class='ocrx_word' id='word_1_67' title='bbox 1041 592 1157 627; x_wconf 83' lang='lat' dir='ltr'>fidem</span> <span class='ocrx_word' id='word_1_68' title='bbox 1185 595 1338 640; x_wconf 86' lang='lat' dir='ltr'>accipit,</span> <span class='ocrx_word' id='word_1_69' title='bbox 1365 606 1448 640; x_wconf 85' lang='lat' dir='ltr'>par-</span> 
     </span>
     <span class='ocr_line' id='line_1_9' title="bbox 89 652 1448 702; baseline 0.001 -13"><span class='ocrx_word' id='word_1_70' title='bbox 89 657 159 690; x_wconf 89' lang='lat' dir='ltr'>tim</span> <span class='ocrx_word' id='word_1_71' title='bbox 182 662 384 702; x_wconf 76' lang='lat' dir='ltr'>expugnat,</span> <span class='ocrx_word' id='word_1_72' title='bbox 403 653 633 693; x_wconf 79' lang='lat' dir='ltr'>Musicanos,</span> <span class='ocrx_word' id='word_1_73' title='bbox 661 652 727 697; x_wconf 89' lang='lat' dir='ltr'>qui</span> <span class='ocrx_word' id='word_1_74' title='bbox 747 652 978 695; x_wconf 80' lang='lat' dir='ltr'>defecerant,</span> <span class='ocrx_word' id='word_1_75' title='bbox 995 666 1063 700; x_wconf 88' lang='lat' dir='ltr'>per</span> <span class='ocrx_word' id='word_1_76' title='bbox 1083 655 1280 690; x_wconf 85' lang='lat' dir='ltr'>Pithonem</span> <span class='ocrx_word' id='word_1_77' title='bbox 1295 657 1448 702; x_wconf 80' lang='lat' dir='ltr'>subigit.</span> 
     </span>
     <span class='ocr_line' id='line_1_10' title="bbox 92 714 1452 763; baseline 0 -12"><span class='ocrx_word' id='word_1_78' title='bbox 92 716 240 763; x_wconf 86' lang='lat' dir='ltr'>Oppidi</span> <span class='ocrx_word' id='word_1_79' title='bbox 268 716 443 757; x_wconf 87' lang='lat' dir='ltr'>alicuius,</span> <span class='ocrx_word' id='word_1_80' title='bbox 473 715 577 760; x_wconf 88' lang='lat' dir='ltr'>quod</span> <span class='ocrx_word' id='word_1_81' title='bbox 615 714 662 747; x_wconf 90' lang='lat' dir='ltr'>ad</span> <span class='ocrx_word' id='word_1_82' title='bbox 689 725 848 760; x_wconf 78' lang='lat' dir='ltr'>regnum</span> <span class='ocrx_word' id='word_1_83' title='bbox 873 717 1005 750; x_wconf 87' lang='lat' dir='ltr'>Sambi</span> <span class='ocrx_word' id='word_1_84' title='bbox 1032 717 1258 763; x_wconf 80' lang='lat' dir='ltr'>pertinebat,</span> <span class='ocrx_word' id='word_1_85' title='bbox 1285 718 1452 759; x_wconf 78' lang='lat' dir='ltr'>incolae,</span> 
     </span>
     <span class='ocr_line' id='line_1_11' title="bbox 91 776 1453 825; baseline 0.002 -14"><span class='ocrx_word' id='word_1_86' title='bbox 91 790 181 812; x_wconf 91' lang='lat' dir='ltr'>cum</span> <span class='ocrx_word' id='word_1_87' title='bbox 221 778 486 811; x_wconf 82' lang='lat' dir='ltr'>excursionem</span> <span class='ocrx_word' id='word_1_88' title='bbox 518 776 712 814; x_wconf 84' lang='lat' dir='ltr'>fecissent,</span> <span class='ocrx_word' id='word_1_89' title='bbox 745 777 860 810; x_wconf 84' lang='lat' dir='ltr'>facile</span> <span class='ocrx_word' id='word_1_90' title='bbox 895 778 1049 823; x_wconf 83' lang='lat' dir='ltr'>quidem</span> <span class='ocrx_word' id='word_1_91' title='bbox 1085 780 1335 825; x_wconf 87' lang='lat' dir='ltr'>repelluntur,</span> <span class='ocrx_word' id='word_1_92' title='bbox 1369 780 1453 824; x_wconf 84' lang='grc'>(33)</span> 
     </span>
     <span class='ocr_line' id='line_1_12' title="bbox 91 838 1454 888; baseline 0.001 -15"><span class='ocrx_word' id='word_1_93' title='bbox 91 840 158 874; x_wconf 87' lang='lat' dir='ltr'>sed</span> <span class='ocrx_word' id='word_1_94' title='bbox 185 840 276 886; x_wconf 89' lang='lat' dir='ltr'>quia</span> <span class='ocrx_word' id='word_1_95' title='bbox 301 838 448 885; x_wconf 85' lang='lat' dir='ltr'>gladios</span> <span class='ocrx_word' id='word_1_96' title='bbox 484 849 635 871; x_wconf 90' lang='lat' dir='ltr'>veneno</span> <span class='ocrx_word' id='word_1_97' title='bbox 668 838 872 882; x_wconf 82' lang='lat' dir='ltr'>tinxerant,</span> <span class='ocrx_word' id='word_1_98' title='bbox 898 840 1156 875; x_wconf 82' lang='lat' dir='ltr'>Macedonum</span> <span class='ocrx_word' id='word_1_99' title='bbox 1183 842 1292 876; x_wconf 85' lang='lat' dir='ltr'>multi</span> <span class='ocrx_word' id='word_1_100' title='bbox 1317 843 1358 876; x_wconf 92' lang='lat' dir='ltr'>in</span> <span class='ocrx_word' id='word_1_101' title='bbox 1385 854 1454 888; x_wconf 90' lang='lat' dir='ltr'>pu-</span> 
     </span>
     <span class='ocr_line' id='line_1_13' title="bbox 91 901 1455 947; baseline 0.001 -13"><span class='ocrx_word' id='word_1_102' title='bbox 91 912 166 947; x_wconf 83' lang='lat' dir='ltr'>gna</span> <span class='ocrx_word' id='word_1_103' title='bbox 192 901 381 934; x_wconf 88' lang='lat' dir='ltr'>vulnerati</span> <span class='ocrx_word' id='word_1_104' title='bbox 410 901 636 941; x_wconf 85' lang='lat' dir='ltr'>moriuntur,</span> <span class='ocrx_word' id='word_1_105' title='bbox 664 901 769 946; x_wconf 91' lang='lat' dir='ltr'>quod</span> <span class='ocrx_word' id='word_1_106' title='bbox 795 901 900 935; x_wconf 86' lang='lat' dir='ltr'>idem</span> <span class='ocrx_word' id='word_1_107' title='bbox 929 914 1016 936; x_wconf 88' lang='lat' dir='ltr'>cum</span> <span class='ocrx_word' id='word_1_108' title='bbox 1041 911 1269 937; x_wconf 80' lang='lat' dir='ltr'>metueretur</span> <span class='ocrx_word' id='word_1_109' title='bbox 1294 914 1342 936; x_wconf 91' lang='lat' dir='ltr'>ne</span> <span class='ocrx_word' id='word_1_110' title='bbox 1368 904 1455 937; x_wconf 82' lang='lat' dir='ltr'>Pto-</span> 
     </span>
     <span class='ocr_line' id='line_1_14' title="bbox 91 960 1458 1010; baseline 0.002 -14"><span class='ocrx_word' id='word_1_111' title='bbox 91 962 355 1008; x_wconf 81' lang='lat' dir='ltr'>lemae0‚Lagi</span> <span class='ocrx_word' id='word_1_112' title='bbox 382 960 476 1004; x_wconf 81' lang='lat' dir='ltr'>filio,</span> <span class='ocrx_word' id='word_1_113' title='bbox 496 962 590 1007; x_wconf 81' lang='lat' dir='ltr'>regis</span> <span class='ocrx_word' id='word_1_114' title='bbox 623 962 934 1004; x_wconf 86' lang='lat' dir='ltr'>familiarissimo,</span> <span class='ocrx_word' id='word_1_115' title='bbox 951 964 1152 1002; x_wconf 87' lang='lat' dir='ltr'>accideret,</span> <span class='ocrx_word' id='word_1_116' title='bbox 1178 973 1215 998; x_wconf 88' lang='lat' dir='ltr'>et</span> <span class='ocrx_word' id='word_1_117' title='bbox 1231 966 1312 1010; x_wconf 87' lang='lat' dir='ltr'>ipse</span> <span class='ocrx_word' id='word_1_118' title='bbox 1329 976 1394 998; x_wconf 84' lang='lat' dir='ltr'>rex</span> <span class='ocrx_word' id='word_1_119' title='bbox 1420 972 1458 999; x_wconf 90' lang='lat' dir='ltr'>et</span> 
     </span>
     <span class='ocr_line' id='line_1_15' title="bbox 92 1023 1457 1070; baseline 0.002 -13"><span class='ocrx_word' id='word_1_120' title='bbox 92 1023 340 1065; x_wconf 80' lang='lat' dir='ltr'>Macedones,</span> <span class='ocrx_word' id='word_1_121' title='bbox 376 1033 612 1070; x_wconf 81' lang='lat' dir='ltr'>quantopere</span> <span class='ocrx_word' id='word_1_122' title='bbox 645 1025 827 1063; x_wconf 77' lang='lat' dir='ltr'>omnibus¹</span> <span class='ocrx_word' id='word_1_123' title='bbox 853 1036 959 1058; x_wconf 88' lang='lat' dir='ltr'>carus</span> <span class='ocrx_word' id='word_1_124' title='bbox 986 1032 1093 1063; x_wconf 84' lang='lat' dir='ltr'>esset,</span> <span class='ocrx_word' id='word_1_125' title='bbox 1117 1026 1317 1059; x_wconf 87' lang='lat' dir='ltr'>luculenta</span> <span class='ocrx_word' id='word_1_126' title='bbox 1343 1027 1457 1060; x_wconf 88' lang='lat' dir='ltr'>dede·</span> 
     </span>
     <span class='ocr_line' id='line_1_16' title="bbox 92 1085 1458 1130; baseline 0.003 -12"><span class='ocrx_word' id='word_1_127' title='bbox 92 1092 184 1118; x_wconf 84' lang='lat' dir='ltr'>runt</span> <span class='ocrx_word' id='word_1_128' title='bbox 208 1093 441 1130; x_wconf 79' lang='lat' dir='ltr'>argumenta,</span> <span class='ocrx_word' id='word_1_129' title='bbox 470 1087 595 1120; x_wconf 90' lang='lat' dir='ltr'>donec</span> <span class='ocrx_word' id='word_1_130' title='bbox 624 1086 839 1120; x_wconf 79' lang='lat' dir='ltr'>Alexander</span> <span class='ocrx_word' id='word_1_131' title='bbox 875 1085 1068 1128; x_wconf 84' lang='lat' dir='ltr'>divinitus,</span> <span class='ocrx_word' id='word_1_132' title='bbox 1103 1093 1144 1119; x_wconf 92' lang='lat' dir='ltr'>ut</span> <span class='ocrx_word' id='word_1_133' title='bbox 1169 1086 1375 1125; x_wconf 82' lang='lat' dir='ltr'>ferebatur,</span> <span class='ocrx_word' id='word_1_134' title='bbox 1403 1098 1458 1122; x_wconf 88' lang='lat' dir='ltr'>re-</span> 
     </span>
     <span class='ocr_line' id='line_1_17' title="bbox 94 1145 1458 1193; baseline 0.003 -13"><span class='ocrx_word' id='word_1_135' title='bbox 94 1147 265 1180; x_wconf 87' lang='lat' dir='ltr'>medium</span> <span class='ocrx_word' id='word_1_136' title='bbox 282 1147 407 1180; x_wconf 89' lang='lat' dir='ltr'>morbi</span> <span class='ocrx_word' id='word_1_137' title='bbox 423 1147 603 1193; x_wconf 87' lang='lat' dir='ltr'>repperit.</span> <span class='ocrx_word' id='word_1_138' title='bbox 633 1145 715 1193; x_wconf 68' lang='grc'>(34)</span> <span class='ocrx_word' id='word_1_139' title='bbox 741 1147 837 1180; x_wconf 86' lang='lat' dir='ltr'>Inde</span> <span class='ocrx_word' id='word_1_140' title='bbox 856 1147 903 1180; x_wconf 88' lang='lat' dir='ltr'>ad</span> <span class='ocrx_word' id='word_1_141' title='bbox 923 1155 1075 1192; x_wconf 77' lang='lat' dir='ltr'>gentem</span> <span class='ocrx_word' id='word_1_142' title='bbox 1092 1148 1276 1182; x_wconf 82' lang='lat' dir='ltr'>Pataliam</span> <span class='ocrx_word' id='word_1_143' title='bbox 1303 1157 1339 1182; x_wconf 85' lang='lat' dir='ltr'>et</span> <span class='ocrx_word' id='word_1_144' title='bbox 1354 1149 1458 1184; x_wconf 89' lang='lat' dir='ltr'>insu-</span> 
     </span>
     <span class='ocr_line' id='line_1_18' title="bbox 93 1207 1460 1256; baseline 0.002 -14"><span class='ocrx_word' id='word_1_145' title='bbox 93 1209 172 1242; x_wconf 86' lang='lat' dir='ltr'>lam</span> <span class='ocrx_word' id='word_1_146' title='bbox 194 1207 322 1242; x_wconf 87' lang='lat' dir='ltr'>medio</span> <span class='ocrx_word' id='word_1_147' title='bbox 358 1218 471 1241; x_wconf 87' lang='lat' dir='ltr'>amne</span> <span class='ocrx_word' id='word_1_148' title='bbox 510 1208 620 1241; x_wconf 88' lang='lat' dir='ltr'>sitam</span> <span class='ocrx_word' id='word_1_149' title='bbox 645 1209 731 1254; x_wconf 76' lang='lat' dir='ltr'>(ubi</span> <span class='ocrx_word' id='word_1_150' title='bbox 755 1221 855 1242; x_wconf 84' lang='lat' dir='ltr'>nunc</span> <span class='ocrx_word' id='word_1_151' title='bbox 880 1208 972 1243; x_wconf 84' lang='lat' dir='ltr'>urbs</span> <span class='ocrx_word' id='word_1_152' title='bbox 995 1208 1262 1256; x_wconf 65' lang='lat' dir='ltr'>Hydrabad?)</span> <span class='ocrx_word' id='word_1_153' title='bbox 1290 1211 1460 1245; x_wconf 87' lang='lat' dir='ltr'>delatum</span> 
     </span>
     <span class='ocr_line' id='line_1_19' title="bbox 96 1269 1462 1319; baseline 0.001 -15"><span class='ocrx_word' id='word_1_154' title='bbox 96 1280 252 1315; x_wconf 81' lang='lat' dir='ltr'>agmen,</span> <span class='ocrx_word' id='word_1_155' title='bbox 290 1269 430 1302; x_wconf 83' lang='lat' dir='ltr'>diutius</span> <span class='ocrx_word' id='word_1_156' title='bbox 463 1269 519 1302; x_wconf 89' lang='lat' dir='ltr'>ibi</span> <span class='ocrx_word' id='word_1_157' title='bbox 557 1269 735 1303; x_wconf 83' lang='lat' dir='ltr'>substitit.</span> <span class='ocrx_word' id='word_1_158' title='bbox 794 1271 968 1303; x_wconf 85' lang='lat' dir='ltr'>Ducibus</span> <span class='ocrx_word' id='word_1_159' title='bbox 996 1271 1153 1304; x_wconf 87' lang='lat' dir='ltr'>tandem</span> <span class='ocrx_word' id='word_1_160' title='bbox 1188 1273 1364 1317; x_wconf 76' lang='lat' dir='ltr'>repertis,</span> <span class='ocrx_word' id='word_1_161' title='bbox 1392 1285 1462 1319; x_wconf 85' lang='lat' dir='ltr'>per</span> 
     </span>
     <span class='ocr_line' id='line_1_20' title="bbox 94 1330 1463 1379; baseline 0.003 -14"><span class='ocrx_word' id='word_1_162' title='bbox 94 1331 265 1365; x_wconf 86' lang='lat' dir='ltr'>triduum</span> <span class='ocrx_word' id='word_1_163' title='bbox 289 1330 367 1363; x_wconf 89' lang='lat' dir='ltr'>iam</span> <span class='ocrx_word' id='word_1_164' title='bbox 393 1331 552 1364; x_wconf 82' lang='lat' dir='ltr'>Oceano</span> <span class='ocrx_word' id='word_1_165' title='bbox 578 1331 934 1376; x_wconf 80' lang='lat' dir='ltr'>appropinquantes</span> <span class='ocrx_word' id='word_1_166' title='bbox 963 1338 1115 1366; x_wconf 88' lang='lat' dir='ltr'>strenue</span> <span class='ocrx_word' id='word_1_167' title='bbox 1140 1334 1333 1379; x_wconf 83' lang='lat' dir='ltr'>navigant,</span> <span class='ocrx_word' id='word_1_168' title='bbox 1360 1343 1397 1368; x_wconf 92' lang='lat' dir='ltr'>et</span> <span class='ocrx_word' id='word_1_169' title='bbox 1413 1335 1463 1370; x_wconf 87' lang='lat' dir='ltr'>ad</span> 
     </span>
     <span class='ocr_line' id='line_1_21' title="bbox 97 1391 1465 1439; baseline 0.004 -14"><span class='ocrx_word' id='word_1_170' title='bbox 97 1392 213 1426; x_wconf 81' lang='lat' dir='ltr'>aliam</span> <span class='ocrx_word' id='word_1_171' title='bbox 237 1391 402 1425; x_wconf 86' lang='lat' dir='ltr'>insulam</span> <span class='ocrx_word' id='word_1_172' title='bbox 423 1402 545 1437; x_wconf 87' lang='lat' dir='ltr'>prope</span> <span class='ocrx_word' id='word_1_173' title='bbox 573 1403 614 1424; x_wconf 89' lang='lat' dir='ltr'>os</span> <span class='ocrx_word' id='word_1_174' title='bbox 638 1392 807 1426; x_wconf 86' lang='lat' dir='ltr'>fluminis</span> <span class='ocrx_word' id='word_1_175' title='bbox 835 1393 1045 1438; x_wconf 87' lang='lat' dir='ltr'>applicant.</span> <span class='ocrx_word' id='word_1_176' title='bbox 1095 1395 1178 1439; x_wconf 88' lang='grc'>(35)</span> <span class='ocrx_word' id='word_1_177' title='bbox 1201 1396 1383 1430; x_wconf 85' lang='lat' dir='ltr'>Incidunt</span> <span class='ocrx_word' id='word_1_178' title='bbox 1406 1397 1465 1431; x_wconf 85' lang='lat' dir='ltr'>ibi</span> 
     </span>
     <span class='ocr_line' id='line_1_22' title="bbox 98 1453 1466 1504; baseline 0.003 -16"><span class='ocrx_word' id='word_1_179' title='bbox 98 1456 141 1488; x_wconf 89' lang='lat' dir='ltr'>in</span> <span class='ocrx_word' id='word_1_180' title='bbox 166 1465 296 1488; x_wconf 86' lang='lat' dir='ltr'>casum</span> <span class='ocrx_word' id='word_1_181' title='bbox 322 1453 563 1498; x_wconf 80' lang='lat' dir='ltr'>incognitum</span> <span class='ocrx_word' id='word_1_182' title='bbox 590 1460 626 1486; x_wconf 87' lang='lat' dir='ltr'>et</span> <span class='ocrx_word' id='word_1_183' title='bbox 662 1453 925 1500; x_wconf 79' lang='lat' dir='ltr'>improvisum,</span> <span class='ocrx_word' id='word_1_184' title='bbox 952 1463 1099 1489; x_wconf 89' lang='lat' dir='ltr'>aestum</span> <span class='ocrx_word' id='word_1_185' title='bbox 1125 1457 1251 1500; x_wconf 86' lang='lat' dir='ltr'>maris,</span> <span class='ocrx_word' id='word_1_186' title='bbox 1276 1458 1394 1504; x_wconf 82' lang='lat' dir='ltr'>longe</span> <span class='ocrx_word' id='word_1_187' title='bbox 1418 1459 1466 1492; x_wconf 82' lang='lat' dir='ltr'>il-</span> 
     </span>
     <span class='ocr_line' id='line_1_23' title="bbox 98 1513 1465 1563; baseline 0.004 -14"><span class='ocrx_word' id='word_1_188' title='bbox 98 1517 181 1549; x_wconf 91' lang='lat' dir='ltr'>lum</span> <span class='ocrx_word' id='word_1_189' title='bbox 207 1514 364 1560; x_wconf 90' lang='lat' dir='ltr'>quidem</span> <span class='ocrx_word' id='word_1_190' title='bbox 387 1513 717 1548; x_wconf 88' lang='lat' dir='ltr'>vehementiorem</span> <span class='ocrx_word' id='word_1_191' title='bbox 743 1515 784 1548; x_wconf 89' lang='lat' dir='ltr'>in</span> <span class='ocrx_word' id='word_1_192' title='bbox 804 1516 975 1549; x_wconf 86' lang='lat' dir='ltr'>Oceano.</span> <span class='ocrx_word' id='word_1_193' title='bbox 1006 1529 1120 1563; x_wconf 89' lang='lat' dir='ltr'>quam</span> <span class='ocrx_word' id='word_1_194' title='bbox 1145 1519 1187 1552; x_wconf 89' lang='lat' dir='ltr'>in</span> <span class='ocrx_word' id='word_1_195' title='bbox 1214 1519 1309 1553; x_wconf 87' lang='lat' dir='ltr'>mari</span> <span class='ocrx_word' id='word_1_196' title='bbox 1336 1520 1465 1554; x_wconf 86' lang='lat' dir='ltr'>medio</span> 
     </span>
     <span class='ocr_line' id='line_1_24' title="bbox 101 1575 1466 1627; baseline 0.004 -17"><span class='ocrx_word' id='word_1_197' title='bbox 101 1578 181 1611; x_wconf 85' lang='lat' dir='ltr'>sive</span> <span class='ocrx_word' id='word_1_198' title='bbox 205 1575 510 1619; x_wconf 87' lang='lat' dir='ltr'>mediterraneo;</span> <span class='ocrx_word' id='word_1_199' title='bbox 552 1576 634 1621; x_wconf 80' lang='grc'>(36)</span> <span class='ocrx_word' id='word_1_200' title='bbox 661 1577 833 1622; x_wconf 81' lang='lat' dir='ltr'>graviore</span> <span class='ocrx_word' id='word_1_201' title='bbox 869 1578 983 1611; x_wconf 85' lang='lat' dir='ltr'>etiam</span> <span class='ocrx_word' id='word_1_202' title='bbox 1020 1578 1163 1612; x_wconf 86' lang='lat' dir='ltr'>damno</span> <span class='ocrx_word' id='word_1_203' title='bbox 1198 1581 1354 1627; x_wconf 76' lang='lat' dir='ltr'>navigia</span> <span class='ocrx_word' id='word_1_204' title='bbox 1384 1580 1466 1615; x_wconf 83' lang='lat' dir='ltr'>affi-</span> 
     </span>
     <span class='ocr_line' id='line_1_25' title="bbox 102 1638 1468 1690; baseline 0.004 -18"><span class='ocrx_word' id='word_1_205' title='bbox 102 1639 273 1681; x_wconf 87' lang='lat' dir='ltr'>ciuntur,</span> <span class='ocrx_word' id='word_1_206' title='bbox 302 1649 390 1671; x_wconf 89' lang='lat' dir='ltr'>cum</span> <span class='ocrx_word' id='word_1_207' title='bbox 418 1648 521 1671; x_wconf 87' lang='lat' dir='ltr'>mare</span> <span class='ocrx_word' id='word_1_208' title='bbox 546 1638 780 1684; x_wconf 81' lang='lat' dir='ltr'>reciprocari</span> <span class='ocrx_word' id='word_1_209' title='bbox 808 1639 948 1684; x_wconf 88' lang='lat' dir='ltr'>coepit.</span> <span class='ocrx_word' id='word_1_210' title='bbox 999 1639 1083 1684; x_wconf 80' lang='lat'>(37)</span> <span class='ocrx_word' id='word_1_211' title='bbox 1111 1641 1188 1674; x_wconf 87' lang='lat' dir='ltr'>Sed</span> <span class='ocrx_word' id='word_1_212' title='bbox 1215 1649 1252 1676; x_wconf 85' lang='lat' dir='ltr'>et</span> <span class='ocrx_word' id='word_1_213' title='bbox 1278 1644 1374 1690; x_wconf 75' lang='lat' dir='ltr'>regis</span> <span class='ocrx_word' id='word_1_214' title='bbox 1404 1656 1468 1677; x_wconf 89' lang='lat' dir='ltr'>cu-</span> 
     </span>
     <span class='ocr_line' id='line_1_26' title="bbox 102 1699 1471 1751; baseline 0.005 -18"><span class='ocrx_word' id='word_1_215' title='bbox 102 1710 145 1733; x_wconf 83' lang='lat' dir='ltr'>ra</span> <span class='ocrx_word' id='word_1_216' title='bbox 172 1706 209 1732; x_wconf 85' lang='lat' dir='ltr'>et</span> <span class='ocrx_word' id='word_1_217' title='bbox 233 1699 370 1732; x_wconf 87' lang='lat' dir='ltr'>iterato</span> <span class='ocrx_word' id='word_1_218' title='bbox 396 1705 502 1731; x_wconf 89' lang='lat' dir='ltr'>aestu</span> <span class='ocrx_word' id='word_1_219' title='bbox 531 1699 663 1733; x_wconf 88' lang='lat' dir='ltr'>omnia</span> <span class='ocrx_word' id='word_1_220' title='bbox 705 1700 965 1741; x_wconf 80' lang='lat' dir='ltr'>restituuntur,</span> <span class='ocrx_word' id='word_1_221' title='bbox 992 1707 1029 1734; x_wconf 91' lang='lat' dir='ltr'>et</span> <span class='ocrx_word' id='word_1_222' title='bbox 1051 1702 1284 1748; x_wconf 82' lang='lat' dir='ltr'>Alexander,</span> <span class='ocrx_word' id='word_1_223' title='bbox 1315 1707 1471 1751; x_wconf 85' lang='lat' dir='ltr'>cognita</span> 
     </span>
     <span class='ocr_line' id='line_1_27' title="bbox 103 1759 1472 1806; baseline 0.005 -12"><span class='ocrx_word' id='word_1_224' title='bbox 103 1761 216 1795; x_wconf 83' lang='lat' dir='ltr'>maris</span> <span class='ocrx_word' id='word_1_225' title='bbox 242 1767 394 1800; x_wconf 83' lang='lat' dir='ltr'>natura,</span> <span class='ocrx_word' id='word_1_226' title='bbox 419 1760 461 1792; x_wconf 90' lang='lat' dir='ltr'>in</span> <span class='ocrx_word' id='word_1_227' title='bbox 485 1759 611 1806; x_wconf 82' lang='lat' dir='ltr'>ipsum</span> <span class='ocrx_word' id='word_1_228' title='bbox 638 1762 840 1795; x_wconf 89' lang='lat' dir='ltr'>Oceanum</span> <span class='ocrx_word' id='word_1_229' title='bbox 867 1761 1055 1806; x_wconf 85' lang='lat' dir='ltr'>evehitur,</span> <span class='ocrx_word' id='word_1_230' title='bbox 1080 1763 1238 1798; x_wconf 87' lang='lat' dir='ltr'>tandem</span> <span class='ocrx_word' id='word_1_231' title='bbox 1261 1767 1341 1800; x_wconf 87' lang='lat' dir='ltr'>voti</span> <span class='ocrx_word' id='word_1_232' title='bbox 1367 1779 1472 1801; x_wconf 90' lang='lat' dir='ltr'>com-</span> 
     </span>
     <span class='ocr_line' id='line_1_28' title="bbox 103 1821 1473 1870; baseline 0.006 -15"><span class='ocrx_word' id='word_1_233' title='bbox 103 1833 188 1868; x_wconf 87' lang='lat' dir='ltr'>pos.</span> <span class='ocrx_word' id='word_1_234' title='bbox 243 1821 326 1866; x_wconf 86' lang='grc'>(38)</span> <span class='ocrx_word' id='word_1_235' title='bbox 358 1821 545 1855; x_wconf 84' lang='lat' dir='ltr'>Reversus</span> <span class='ocrx_word' id='word_1_236' title='bbox 583 1822 632 1855; x_wconf 90' lang='lat' dir='ltr'>ad</span> <span class='ocrx_word' id='word_1_237' title='bbox 666 1822 831 1855; x_wconf 89' lang='lat' dir='ltr'>insulam</span> <span class='ocrx_word' id='word_1_238' title='bbox 861 1823 1030 1870; x_wconf 81' lang='lat' dir='ltr'>(Patala)</span> <span class='ocrx_word' id='word_1_239' title='bbox 1064 1825 1200 1859; x_wconf 87' lang='lat' dir='ltr'>urbem</span> <span class='ocrx_word' id='word_1_240' title='bbox 1239 1834 1276 1860; x_wconf 89' lang='lat' dir='ltr'>et</span> <span class='ocrx_word' id='word_1_241' title='bbox 1319 1829 1473 1863; x_wconf 87' lang='lat' dir='ltr'>navalia</span> 
     </span>
     <span class='ocr_line' id='line_1_29' title="bbox 107 1882 1474 1931; baseline 0.004 -13"><span class='ocrx_word' id='word_1_242' title='bbox 107 1882 253 1926; x_wconf 90' lang='lat' dir='ltr'>condit,</span> <span class='ocrx_word' id='word_1_243' title='bbox 285 1882 530 1916; x_wconf 86' lang='lat' dir='ltr'>Leonnatum</span> <span class='ocrx_word' id='word_1_244' title='bbox 566 1895 653 1917; x_wconf 87' lang='lat' dir='ltr'>cum</span> <span class='ocrx_word' id='word_1_245' title='bbox 689 1890 796 1929; x_wconf 88' lang='lat' dir='ltr'>parte</span> <span class='ocrx_word' id='word_1_246' title='bbox 829 1883 1026 1929; x_wconf 87' lang='lat' dir='ltr'>copiarum</span> <span class='ocrx_word' id='word_1_247' title='bbox 1065 1887 1276 1931; x_wconf 87' lang='lat' dir='ltr'>praemittit</span> <span class='ocrx_word' id='word_1_248' title='bbox 1311 1889 1360 1922; x_wconf 92' lang='lat' dir='ltr'>ad</span> <span class='ocrx_word' id='word_1_249' title='bbox 1399 1890 1474 1924; x_wconf 90' lang='lat' dir='ltr'>iter</span> 
     </span>
     <span class='ocr_line' id='line_1_30' title="bbox 105 1944 1472 1990; baseline 0.006 -11"><span class='ocrx_word' id='word_1_250' title='bbox 105 1951 279 1980; x_wconf 82' lang='lat' dir='ltr'>terrestre</span> <span class='ocrx_word' id='word_1_251' title='bbox 318 1944 650 1990; x_wconf 87' lang='lat' dir='ltr'>praeparandum,</span> <span class='ocrx_word' id='word_1_252' title='bbox 692 1944 908 1978; x_wconf 86' lang='lat' dir='ltr'>Nearchum</span> <span class='ocrx_word' id='word_1_253' title='bbox 956 1952 993 1979; x_wconf 90' lang='lat' dir='ltr'>et</span> <span class='ocrx_word' id='word_1_254' title='bbox 1027 1947 1290 1983; x_wconf 80' lang='lat' dir='ltr'>onesicritum</span> <span class='ocrx_word' id='word_1_255' title='bbox 1326 1950 1472 1987; x_wconf 87' lang='lat' dir='ltr'>idoneo</span> 
     </span>
     <span class='ocr_line' id='line_1_31' title="bbox 106 2005 1475 2057; baseline 0.007 -17"><span class='ocrx_word' id='word_1_256' title='bbox 106 2013 280 2053; x_wconf 86' lang='lat' dir='ltr'>tempore</span> <span class='ocrx_word' id='word_1_257' title='bbox 305 2006 423 2040; x_wconf 86' lang='lat' dir='ltr'>classe</span> <span class='ocrx_word' id='word_1_258' title='bbox 453 2006 570 2041; x_wconf 79' lang='lat' dir='ltr'>litora</span> <span class='ocrx_word' id='word_1_259' title='bbox 605 2005 851 2050; x_wconf 79' lang='lat' dir='ltr'>circumvehi,</span> <span class='ocrx_word' id='word_1_260' title='bbox 885 2013 922 2040; x_wconf 89' lang='lat' dir='ltr'>et</span> <span class='ocrx_word' id='word_1_261' title='bbox 946 2019 1016 2053; x_wconf 87' lang='lat' dir='ltr'>per</span> <span class='ocrx_word' id='word_1_262' title='bbox 1042 2021 1082 2043; x_wconf 89' lang='lat' dir='ltr'>os</span> <span class='ocrx_word' id='word_1_263' title='bbox 1110 2010 1316 2057; x_wconf 84' lang='lat' dir='ltr'>Euphratis</span> <span class='ocrx_word' id='word_1_264' title='bbox 1343 2014 1394 2048; x_wconf 87' lang='lat' dir='ltr'>ad</span> <span class='ocrx_word' id='word_1_265' title='bbox 1433 2026 1475 2048; x_wconf 85' lang='lat' dir='ltr'>se</span> 
     </span>
     <span class='ocr_line' id='line_1_32' title="bbox 106 2067 374 2103; baseline -0.004 0"><span class='ocrx_word' id='word_1_266' title='bbox 106 2068 232 2103; x_wconf 89' lang='lat' dir='ltr'>redire</span> <span class='ocrx_word' id='word_1_267' title='bbox 253 2067 374 2102; x_wconf 88' lang='lat' dir='ltr'>iubet.</span> 
     </span>
    </p>

    <p class='ocr_par' dir='ltr' id='par_1_3' title="bbox 108 2128 1478 2672">
     <span class='ocr_line' id='line_1_33' title="bbox 154 2128 1474 2180; baseline 0.002 -17"><span class='ocrx_word' id='word_1_268' title='bbox 154 2130 238 2176; x_wconf 82' lang='grc'>(39)</span> <span class='ocrx_word' id='word_1_269' title='bbox 264 2131 349 2176; x_wconf 89' lang='lat' dir='ltr'>Ipse</span> <span class='ocrx_word' id='word_1_270' title='bbox 373 2129 507 2174; x_wconf 84' lang='lat' dir='ltr'>(Iunio</span> <span class='ocrx_word' id='word_1_271' title='bbox 521 2128 622 2173; x_wconf 85' lang='lat' dir='ltr'>fere</span> <span class='ocrx_word' id='word_1_272' title='bbox 645 2140 774 2163; x_wconf 83' lang='lat' dir='ltr'>mense</span> <span class='ocrx_word' id='word_1_273' title='bbox 798 2142 836 2163; x_wconf 85' lang='grc' dir='ltr'>α.</span> <span class='ocrx_word' id='word_1_274' title='bbox 869 2143 907 2164; x_wconf 87' lang='lat' dir='ltr'>a.</span> <span class='ocrx_word' id='word_1_275' title='bbox 937 2130 1027 2165; x_wconf 80' lang='lat' dir='ltr'>Clzr.</span> <span class='ocrx_word' id='word_1_276' title='bbox 1054 2140 1136 2166; x_wconf 78' lang='lat' dir='ltr'>nac.</span> <span class='ocrx_word' id='word_1_277' title='bbox 1166 2134 1268 2180; x_wconf 83' lang='lat'><strong>326.)</strong></span> <span class='ocrx_word' id='word_1_278' title='bbox 1299 2148 1387 2171; x_wconf 81' lang='lat' dir='ltr'>cum</span> <span class='ocrx_word' id='word_1_279' title='bbox 1415 2149 1474 2172; x_wconf 78' lang='lat' dir='ltr'>ce-</span> 
     </span>
     <span class='ocr_line' id='line_1_34' title="bbox 108 2189 1475 2237; baseline 0.006 -11"><span class='ocrx_word' id='word_1_280' title='bbox 108 2192 198 2226; x_wconf 82' lang='lat' dir='ltr'>teris</span> <span class='ocrx_word' id='word_1_281' title='bbox 220 2191 341 2237; x_wconf 87' lang='lat' dir='ltr'>copiis</span> <span class='ocrx_word' id='word_1_282' title='bbox 366 2189 560 2236; x_wconf 86' lang='lat' dir='ltr'>profectus</span> <span class='ocrx_word' id='word_1_283' title='bbox 586 2201 656 2236; x_wconf 83' lang='lat' dir='ltr'>per</span> <span class='ocrx_word' id='word_1_284' title='bbox 680 2191 878 2236; x_wconf 84' lang='lat' dir='ltr'>regionem</span> <span class='ocrx_word' id='word_1_285' title='bbox 902 2192 1143 2228; x_wconf 85' lang='lat' dir='ltr'>Arabitarum</span> <span class='ocrx_word' id='word_1_286' title='bbox 1163 2195 1211 2228; x_wconf 90' lang='lat' dir='ltr'>ad</span> <span class='ocrx_word' id='word_1_287' title='bbox 1234 2197 1388 2232; x_wconf 87' lang='lat' dir='ltr'>Horitas</span> <span class='ocrx_word' id='word_1_288' title='bbox 1413 2211 1475 2234; x_wconf 86' lang='lat' dir='ltr'>ve-</span> 
     </span>
     <span class='ocr_line' id='line_1_35' title="bbox 110 2251 1478 2305; baseline 0.006 -19"><span class='ocrx_word' id='word_1_289' title='bbox 110 2253 183 2287; x_wconf 85' lang='lat' dir='ltr'>nit.</span> <span class='ocrx_word' id='word_1_290' title='bbox 233 2252 397 2286; x_wconf 89' lang='lat' dir='ltr'>Gentem</span> <span class='ocrx_word' id='word_1_291' title='bbox 424 2251 546 2285; x_wconf 83' lang='lat' dir='ltr'>diviso</span> <span class='ocrx_word' id='word_1_292' title='bbox 572 2253 739 2286; x_wconf 87' lang='lat' dir='ltr'>exercitu</span> <span class='ocrx_word' id='word_1_293' title='bbox 761 2254 969 2300; x_wconf 87' lang='lat' dir='ltr'>populatus</span> <span class='ocrx_word' id='word_1_294' title='bbox 992 2256 1127 2289; x_wconf 88' lang='lat' dir='ltr'>urbem</span> <span class='ocrx_word' id='word_1_295' title='bbox 1152 2257 1340 2301; x_wconf 85' lang='lat' dir='ltr'>condidit,</span> <span class='ocrx_word' id='word_1_296' title='bbox 1361 2272 1478 2305; x_wconf 87' lang='lat' dir='ltr'>quam</span> 
     </span>
     <span class='ocr_line' id='line_1_36' title="bbox 110 2313 1478 2367; baseline 0.007 -19"><span class='ocrx_word' id='word_1_297' title='bbox 110 2313 328 2348; x_wconf 87' lang='lat' dir='ltr'>Arachosiis</span> <span class='ocrx_word' id='word_1_298' title='bbox 360 2314 611 2348; x_wconf 86' lang='lat' dir='ltr'>incolendam</span> <span class='ocrx_word' id='word_1_299' title='bbox 644 2314 762 2348; x_wconf 88' lang='lat' dir='ltr'>dedit.</span> <span class='ocrx_word' id='word_1_300' title='bbox 822 2313 904 2360; x_wconf 76' lang='lat'>(40)</span> <span class='ocrx_word' id='word_1_301' title='bbox 940 2316 1035 2349; x_wconf 89' lang='lat' dir='ltr'>Inde</span> <span class='ocrx_word' id='word_1_302' title='bbox 1069 2319 1254 2353; x_wconf 85' lang='lat' dir='ltr'>exercitus</span> <span class='ocrx_word' id='word_1_303' title='bbox 1278 2322 1478 2367; x_wconf 78' lang='lat' dir='ltr'>regionem</span> 
     </span>
     <span class='ocr_line' id='line_1_37' title="bbox 112 2376 1476 2430; baseline 0.007 -21"><span class='ocrx_word' id='word_1_304' title='bbox 112 2376 296 2410; x_wconf 89' lang='lat' dir='ltr'>Indorum</span> <span class='ocrx_word' id='word_1_305' title='bbox 330 2376 606 2410; x_wconf 83' lang='lat' dir='ltr'>maritimorum</span> <span class='ocrx_word' id='word_1_306' title='bbox 647 2377 760 2424; x_wconf 83' lang='lat' dir='ltr'>(quos</span> <span class='ocrx_word' id='word_1_307' title='bbox 795 2377 868 2410; x_wconf 85' lang='lat' dir='ltr'>alii</span> <span class='ocrx_word' id='word_1_308' title='bbox 908 2377 1212 2425; x_wconf 75' lang='lat' dir='ltr'>ichthyophagos</span> <span class='ocrx_word' id='word_1_309' title='bbox 1251 2384 1476 2430; x_wconf 77' lang='lat' dir='ltr'>appellant)</span> 
     </span>
     <span class='ocr_line' id='line_1_38' title="bbox 112 2437 1476 2491; baseline 0.007 -20"><span class='ocrx_word' id='word_1_310' title='bbox 112 2438 192 2472; x_wconf 79' lang='lat' dir='ltr'>sive</span> <span class='ocrx_word' id='word_1_311' title='bbox 217 2437 403 2472; x_wconf 84' lang='lat' dir='ltr'>desertam</span> <span class='ocrx_word' id='word_1_312' title='bbox 439 2438 648 2471; x_wconf 83' lang='lat' dir='ltr'>Cedrosiae</span> <span class='ocrx_word' id='word_1_313' title='bbox 684 2445 847 2485; x_wconf 85' lang='lat' dir='ltr'>partem,</span> <span class='ocrx_word' id='word_1_314' title='bbox 883 2439 973 2473; x_wconf 90' lang='lat' dir='ltr'>loca</span> <span class='ocrx_word' id='word_1_315' title='bbox 1008 2440 1114 2474; x_wconf 89' lang='lat' dir='ltr'>omni</span> <span class='ocrx_word' id='word_1_316' title='bbox 1150 2442 1257 2478; x_wconf 84' lang='lat' dir='ltr'>cultu</span> <span class='ocrx_word' id='word_1_317' title='bbox 1293 2448 1476 2491; x_wconf 86' lang='lat' dir='ltr'>carentia,</span> 
     </span>
     <span class='ocr_line' id='line_1_39' title="bbox 114 2498 1476 2554; baseline 0.007 -22"><span class='ocrx_word' id='word_1_318' title='bbox 114 2499 180 2545; x_wconf 88' lang='lat'>(60</span> <span class='ocrx_word' id='word_1_319' title='bbox 207 2498 360 2544; x_wconf 81' lang='lat' dir='ltr'>diebus)</span> <span class='ocrx_word' id='word_1_320' title='bbox 391 2510 608 2545; x_wconf 82' lang='lat' dir='ltr'>peragrans,</span> <span class='ocrx_word' id='word_1_321' title='bbox 644 2499 686 2533; x_wconf 86' lang='lat' dir='ltr'>in</span> <span class='ocrx_word' id='word_1_322' title='bbox 722 2511 911 2534; x_wconf 88' lang='lat' dir='ltr'>summam</span> <span class='ocrx_word' id='word_1_323' title='bbox 945 2502 1123 2536; x_wconf 88' lang='lat' dir='ltr'>omnium</span> <span class='ocrx_word' id='word_1_324' title='bbox 1149 2514 1276 2539; x_wconf 82' lang='lat' dir='ltr'>rerum</span> <span class='ocrx_word' id='word_1_325' title='bbox 1299 2507 1476 2554; x_wconf 84' lang='lat' dir='ltr'>inopiam</span> 
     </span>
     <span class='ocr_line' id='line_1_40' title="bbox 112 2559 1471 2617; baseline 0.007 -22"><span class='ocrx_word' id='word_1_326' title='bbox 112 2559 265 2602; x_wconf 82' lang='lat' dir='ltr'>incidit,</span> <span class='ocrx_word' id='word_1_327' title='bbox 302 2567 522 2606; x_wconf 78' lang='lat' dir='ltr'>tantamque</span> <span class='ocrx_word' id='word_1_328' title='bbox 561 2561 711 2595; x_wconf 87' lang='lat' dir='ltr'>cladem</span> <span class='ocrx_word' id='word_1_329' title='bbox 749 2569 932 2608; x_wconf 87' lang='lat' dir='ltr'>quantam</span> <span class='ocrx_word' id='word_1_330' title='bbox 965 2575 1156 2609; x_wconf 85' lang='lat' dir='ltr'>nusquam</span> <span class='ocrx_word' id='word_1_331' title='bbox 1192 2567 1286 2602; x_wconf 82' lang='lat' dir='ltr'>alibi</span> <span class='ocrx_word' id='word_1_332' title='bbox 1317 2571 1471 2617; x_wconf 82' lang='lat' dir='ltr'>accipit.</span> 
     </span>
     <span class='ocr_line' id='line_1_41' title="bbox 112 2617 1471 2672; baseline 0.007 -15"><span class='ocrx_word' id='word_1_333' title='bbox 112 2617 191 2667; x_wconf 80' lang='grc'>(41)</span> <span class='ocrx_word' id='word_1_334' title='bbox 217 2620 395 2656; x_wconf 89' lang='lat' dir='ltr'>Tandem</span> <span class='ocrx_word' id='word_1_335' title='bbox 417 2622 460 2657; x_wconf 87' lang='lat' dir='ltr'>in</span> <span class='ocrx_word' id='word_1_336' title='bbox 484 2620 580 2658; x_wconf 84' lang='lat' dir='ltr'>fines</span> <span class='ocrx_word' id='word_1_337' title='bbox 610 2623 818 2659; x_wconf 73' lang='lat' dir='ltr'>Cedrosiae</span> <span class='ocrx_word' id='word_1_338' title='bbox 845 2624 1016 2659; x_wconf 76' lang='lat' dir='ltr'>cultioris</span> <span class='ocrx_word' id='word_1_339' title='bbox 1040 2628 1282 2672; x_wconf 73' lang='lat' dir='ltr'>perveniunt.</span> <span class='ocrx_word' id='word_1_340' title='bbox 1330 2632 1389 2666; x_wconf 86' lang='lat' dir='ltr'>lbi</span> <span class='ocrx_word' id='word_1_341' title='bbox 1412 2633 1471 2667; x_wconf 86' lang='lat' dir='ltr'>lit-</span> 
     </span>
    </p>
   </div>
  </div>
 </body>
</html>
