1703 2961
220 111 305 156 240
669 101 727 159 o.
761 99 966 145 CURTn
993 99 1134 143 Ruri

223 227 270 269 in
300 224 392 279 ipso
432 215 717 263 tabernaculo
753 214 865 272 regis
905 219 1166 270 conspectus
1197 218 1262 253 est
1297 210 1409 262 fons,
1449 225 1583 268 quem

226 298 326 356 quia
356 294 480 337 tarde
506 296 780 338 notaverant,
809 286 952 328 subito
980 284 1163 326 extitisse
1195 282 1426 328 finxerunt.
1477 284 1588 324 Rex-

226 385 311 427 que
359 368 450 425 ipse
500 364 618 407 credi
671 360 821 407 voluit,
860 358 1045 400 deorum
1095 357 1295 398 donum¹
1349 356 1392 397 id
1439 355 1581 397 fuisse.

226 440 450 499 Superatis
492 435 649 479 deinde
691 431 894 475 amnibus
937 429 1069 472 Ocho
1108 435 1152 469 et
1193 428 1305 476 Oxo,
1344 427 1400 468 ad
1426 428 1584 468 urbem
1601 439 1645 466 1⁵

222 512 488 570 Marginiam
529 507 740 567 pervenit.
809 504 940 546 Circa
980 516 1077 543 eam
1114 513 1155 541 vr
1195 499 1367 556 oppidis
1396 499 1587 541 conden-

227 588 292 630 dis
329 587 466 628 electa
505 583 627 624 sedes
663 587 744 621 est:
793 577 880 618 duo
917 575 970 616 ad
1007 573 1241 616 Meridiem
1281 587 1424 624 versa,
1465 577 1588 628 quat·

225 668 330 702 tuor
353 654 595 714 spectantia
635 653 880 698 Orientem,
910 646 1097 689 modicis
1126 646 1239 687 inter
1276 661 1320 686 se
1348 644 1496 702 spatiis
1527 643 1588 683 di-

227 734 421 777 stabant,
461 744 516 770 ne
555 724 710 784 procul
746 721 1038 780 repetendum
1079 727 1188 760 esset
1224 725 1431 759 mutuum
1471 715 1588 757 auxi-

225 806 347 847 lium.
416 803 538 843 Haec
583 797 730 840 omnia
769 795 848 837 sita
887 800 988 835 sunt
1027 792 1071 832 in
1110 791 1234 832 editis
1267 790 1461 836 collibus,
1492 795 1587 828 tum
1603 791 1653 820 16

226 877 345 918 velut
383 874 493 916 freni
531 871 803 915 domitarum
839 866 1059 923 gentium,
1108 879 1227 905 nunc
1273 860 1447 918 originis
1486 873 1590 901 suae

227 947 362 990 oblita
395 946 599 996 serviunt,
632 943 788 1001 quibus
820 940 1160 997 imperaverunt.

231 1140 364 1185 quam
392 1120 616 1164 Arimazes
653 1115 898 1173 Sogdianus
945 1127 1046 1154 cum
1083 1124 1165 1152 xxx
1202 1108 1378 1150 milibus
1404 1111 1595 1147 armato-

231 1214 332 1242 rum
376 1190 632 1239 obtinebat,
674 1186 889 1226 alimentis
933 1192 1032 1226 ante
1073 1182 1312 1238 congestis,
1358 1191 1469 1235 quae
1501 1184 1595 1218 tan-

232 1279 304 1313 tae
342 1260 613 1310 multitudini
651 1257 717 1299 vel
746 1271 826 1314 per
852 1254 1080 1297 biennium
1112 1258 1407 1308 suppeterent,
1465 1250 1593 1290 Petra
1626 1259 1647 1281 2

234 1346 281 1387 in
330 1336 608 1393 altitudinem
652 1343 735 1371 xxx
780 1327 944 1369 eminet
988 1325 1147 1373 stadia,
1197 1321 1384 1364 circuitu
1433 1333 1455 1360 c
1494 1327 1537 1360 et
1573 1332 1597 1359 L
1646 1327 1656 1331 ‘

235 1409 557 1469 complectitur.
625 1401 833 1457 Undique
883 1397 1084 1439 abscisa2
1130 1401 1173 1436 et
1216 1394 1401 1449 abrupta
1444 1390 1597 1433 semita
1652 1447 1654 1450 y

232 1489 496 1547 perangusta
523 1478 680 1521 aditur.
751 1476 804 1513 In
844 1469 992 1512 medio
1026 1466 1265 1510 altitudinis
1293 1465 1433 1522 spatio
1465 1463 1601 1507 habet
1631 1458 1655 1502 3'

235 1573 431 1619 specum,
473 1552 593 1596 cuius
633 1564 681 1590 os
722 1553 867 1587 artum
911 1551 955 1585 et
990 1542 1231 1584 obscurum
1268 1544 1349 1590 est;
1389 1536 1600 1594 paulatim

237 1632 395 1676 deinde
434 1625 641 1669 ulteriora
693 1618 971 1677 panduntur;
1017 1614 1170 1655 ultima
1221 1611 1354 1652 etiam
1387 1609 1497 1650 altos
1535 1621 1600 1657 ro-

237 1719 381 1750 cessus
407 1700 588 1743 habent.
653 1695 818 1737 Fontes
848 1703 928 1747 per
958 1693 1104 1728 totum
1134 1684 1226 1725 fere
1252 1680 1474 1739 spatium³
1509 1695 1601 1721 ma-

234 1785 359 1828 nant,
390 1791 412 1817 e
449 1771 605 1830 quibus
647 1765 828 1810 collatae
869 1775 1007 1818 aquae
1053 1772 1133 1814 per
1162 1769 1301 1814 prona
1332 1752 1497 1794 montis
1522 1751 1600 1792 Hu-

235 1866 341 1896 men
371 1847 593 1890 emittunt.
663 1841 768 1887 Rex,
793 1835 878 1877 loci
913 1830 1168 1874 difficultate
1201 1833 1410 1884 spectata,
1441 1831 1599 1865 statue·
1627 1836 1652 1864 4

236 1933 306 1968 rat
333 1922 434 1965 inde
481 1917 624 1967 abire3
661 1909 822 1968 cupido
865 1904 1022 1948 deinde
1061 1901 1237 1942 incessit
1277 1898 1437 1946 animo,
1477 1903 1603 1937 natu-
1652 1882 1654 1885 ¹

237 2013 335 2041 ram
366 2006 543 2053 quoque
580 1982 803 2042 fatigandi.
870 1978 994 2020 Prius
1032 1983 1182 2016 tamen
1211 1986 1344 2029 quam
1372 1969 1601 2010 fortunam
1633 1982 1651 2010 s

239 2066 478 2114 obsidionis
514 2058 800 2119 experiretur,
841 2049 1069 2107 Cophen*
1109 2043 1331 2095 (Artabazi
1381 2041 1454 2084 hic
1493 2040 1602 2082 filius
1702 2030 1703 2034 Ἰ

242 2146 352 2194 erat)
391 2137 508 2181 misit
542 2134 596 2176 ad
635 2129 868 2175 barbaros,
911 2121 985 2180 qui
1031 2119 1255 2167 suaderet,
1293 2123 1341 2157 ut
1391 2113 1604 2156 dederent
1674 2107 1677 2113 ¹

240 2229 412 2273 rupem.
482 2207 707 2251 Arimazes
743 2200 842 2241 loco
883 2195 1021 2237 frctus
1054 2189 1239 2248 superbe
1262 2187 1396 2229 multa
1426 2188 1627 2240 respon-'

243 2290 318 2340 dit,
351 2286 406 2328 ad
435 2282 656 2325 ultimum,
697 2290 752 2316 an
782 2266 1026 2313 Alexander
1056 2263 1200 2306 volare
1233 2259 1436 2318 posset?’'
1472 2256 1604 2298 inter-

243 2366 379 2416 rogat.
438 2354 564 2409 Quae
595 2348 794 2391 nuntiata
836 2334 925 2398 regi
955 2339 1016 2382 sic
1044 2333 1284 2380 accendere
1315 2331 1526 2380 animum,
1556 2335 1606 2370 ut
1635 2338 1659 2369 6

1487 2399 1606 2442 adhi-

1652 2243 1657 2262 l

244 2494 509 2507 --...---

246 2577 266 2601 1
298 2575 444 2609 donum
473 2568 548 2604 dei.
682 2563 702 2589 2
728 2561 904 2596 abscissa.
1045 2554 1064 2584 3
1084 2564 1254 2600 specum.
1377 2549 1400 2582 4
1425 2545 1606 2594 Cophan,

338 2631 431 2663 icem
456 2624 660 2668 aliquanto
683 2625 784 2665 pose.
987 2611 1006 2640 5
1029 2607 1162 2656 possit.
