1703 2961
416 144 498 184 DE
535 139 746 184 GESTIS
777 138 947 184 ALEX.
972 139 1043 187 1V,
1078 138 1141 178 11.
1409 137 1463 177 53

50 298 53 302 .
102 257 384 303 commissum
407 271 517 313 opus
546 252 777 297 circumire
810 256 1064 309 coeperunt,
1095 248 1325 290 missilibus
1354 263 1458 306 quo-

38 343 184 388 22que
228 344 316 378 eos,
342 333 355 353 ¹
401 329 473 386 qui
508 341 589 384 pro
631 340 762 382 opere
801 325 989 370 stabant,
1018 321 1246 363 incessere.
1305 320 1455 362 Multis

97 416 199 459 ergo
229 401 410 458 impune
441 399 686 447 vulneratis,
717 412 818 439 cum
848 403 891 438 et
924 407 1149 436 removere
1190 401 1232 433 et
1272 391 1457 449 appelle—

95 488 144 514 re
186 473 368 530 scaphas
399 474 442 515 in
489 470 690 529 expedito
725 477 845 519 esset,
884 468 940 510 ad
974 480 1125 510 curam
1165 471 1304 505 semet
1342 464 1457 519 ipsos

94 545 245 587 tuendi
287 545 340 586 ab
376 559 509 601 opere
548 548 876 585 converterant:
914 547 957 581 et
996 553 1083 596 quo
1123 535 1291 592 longius
1318 534 1457 575 moles

3 653 5 663 ,
93 617 303 673 agebatur
348 631 371 658 a
417 616 564 663 litore,
612 612 699 655 hoc
740 614 877 669 magis
927 609 1134 669 quicquid
1177 607 1457 664 ingerebatur

2 672 73 731 323
89 688 335 745 praealtum
373 685 638 728 absorbebat
688 700 821 725 mare.
847 687 865 709 ²
934 683 1069 740 Igitur
1108 696 1181 722 rex
1220 678 1456 720 munienti-

90 759 171 800 bus
195 759 313 801 coria
339 760 519 816 velaque
551 759 671 800 iussit
698 756 895 803 obtendi,
924 762 972 797 ut
999 761 1117 796 extra
1146 751 1222 809 teli
1250 750 1450 794 iactum³

91 838 251 872 essent:
283 831 476 887 duasque
497 838 638 871 turres
660 845 710 870 ex
741 829 882 884 capite
909 827 1036 869 molis
1067 825 1214 872 erexit,
1246 840 1268 865 e
1298 822 1454 880 quibus

0 890 136 956 ἐπίῃ
166 903 401 944 subeuntes
432 900 615 958 scaphas
641 900 724 941 tela
756 900 889 956 ingeri
921 905 1112 955 possent.
1171 896 1340 938 Contra
1370 896 1454 951 Ty-

1 958 3 969 *
88 974 140 1014 rii
179 974 345 1031 navigia
384 973 540 1031 procul
580 987 602 1014 a
645 979 886 1028 conspectu
924 969 1120 1011 hostium
1158 968 1276 1010 litori
1309 967 1453 1023 appel-

84 1046 194 1095 lunt,
235 1046 524 1102 expositisque
562 1043 784 1090 militibus,
832 1058 917 1091 eos,
957 1042 1031 1098 qui
1072 1055 1170 1082 saxa
1208 1039 1452 1097 gestabant,

86 1116 368 1159 obtruncant.
433 1117 484 1156 ln
523 1115 693 1156 Libano
733 1128 909 1171 quoque
941 1114 1144 1155 Arabum
1175 1119 1362 1169 agrestes
1392 1111 1453 1151 in-

0 1180 3 1247 ξ
86 1188 357 1246 compositos
402 1186 674 1228 Macedonas
703 1185 849 1227 adorti
872 1188 908 1238 4,
946 1185 1122 1243 triginta
1156 1184 1249 1226 fere
1290 1181 1452 1224 interfi-

0 1272 69 1302 ¹111.
85 1260 217 1310 ciunt,
245 1258 528 1316 paucioribus
559 1257 710 1314 captis.
758 1257 824 1299 Ea
855 1273 924 1299 res
941 1257 1241 1301 Alexandrum
1257 1255 1449 1297 dividere

0 1331 3 1390 j
84 1331 234 1389 copias
274 1331 436 1388 coEgit:
462 1337 506 1372 et
535 1345 591 1371 ne
620 1330 807 1387 segniter
834 1331 1020 1372 assidere
1047 1331 1124 1371 uni
1155 1329 1255 1371 urbi
1284 1327 1451 1369 videre-

81 1408 175 1455 tur,
214 1403 338 1461 operi
374 1401 617 1444 Perdiccan
641 1404 655 1430 ⁵
705 1401 1032 1460 Craterumque
1079 1400 1316 1460 praefecit,
1356 1400 1447 1457 ipse

81 1489 186 1517 eum
216 1474 416 1532 expedita
444 1488 580 1515 manu
604 1473 816 1515 Arabiam
852 1475 992 1530 petiit.

27 1565 49 1589 2
166 1550 291 1589 Inter
322 1546 433 1588 haec
463 1545 584 1603 Tyrii
614 1559 773 1586 navem
803 1547 1107 1603 magnitudine
1137 1545 1307 1594 eximia,
1338 1544 1508 1587 saxis12

0 998 4 1056 ἑ

79 1631 300 1676 arenaque
331 1633 355 1658 a
382 1619 519 1675 puppi
552 1625 798 1666 oneratam,
824 1618 882 1659 ita
910 1626 959 1659 ut
972 1620 1164 1660 multum
1187 1633 1319 1675 prora
1341 1617 1445 1658 emi-

76 1696 217 1742 neret,
251 1689 469 1732 bitumine
508 1704 558 1730 ac
594 1688 803 1746 sulphure
839 1690 992 1732 illitam
1028 1691 1161 1732 remis
1197 1690 1445 1733 concitave-

77 1769 200 1812 runt;
240 1769 283 1803 et
319 1776 422 1804 cum
452 1774 660 1818 magnam
687 1761 778 1801 vim
805 1762 924 1804 venti
953 1761 1048 1803 vela
1078 1778 1255 1820 quoque
1287 1778 1444 1806 conce-

75 1834 254 1891 pissent,
301 1832 498 1875 celeriter
537 1833 594 1875 ad
645 1833 812 1875 molem
855 1835 1085 1877 successit:
1117 1837 1261 1877 tum⁶
1308 1850 1442 1892 prora

0 1940 1 1951 i
28 1925 49 1954 3
77 1907 167 1948 eius
198 1919 394 1956 accensa,
431 1905 621 1960 remiges
651 1906 898 1948 desiluere⁷
935 1908 980 1948 in
1013 1907 1211 1964 scaphas,
1245 1923 1357 1965 quae
1387 1908 1442 1949 ad

73 1978 164 2020 hoc
211 1978 355 2034 ipsum
402 1984 690 2034 praeparatae
740 1979 1047 2036 sequebantur.
1118 1980 1251 2021 Navis
1291 1987 1440 2021 autem

73 2049 173 2107 igne
204 2056 421 2106 concepto
459 2048 587 2091 latius
613 2049 799 2091 fundere
829 2051 1083 2093 incendium
1115 2051 1273 2108 coepit,
1306 2053 1440 2108 quod,

72 2122 331 2179 priusquam
370 2130 519 2177 posset
557 2118 749 2172 occurri,
790 2130 931 2163 turres
972 2130 1013 2163 et
1051 2131 1193 2164 cetera
1233 2139 1367 2180 opera
1395 2124 1439 2164 in

75 2193 218 2250 capite
246 2191 374 2233 molis
399 2193 539 2248 posita
570 2193 922 2249 comprehendit.
986 2196 1045 2235 At
1074 2195 1147 2251 qui
1177 2195 1440 2237 desiluerant

0 2258 47 2327 j4
74 2264 116 2306 in
149 2277 282 2322 parva
309 2264 491 2321 navigia,
521 2265 648 2315 faces,
683 2272 726 2306 et
739 2266 948 2323 quicquid
977 2266 1135 2308 alendo
1167 2266 1253 2323 igni
1284 2275 1438 2323 aptum

0 2329 1 2335 ¹
73 2344 180 2388 erat,
210 2337 255 2378 in
289 2336 445 2378 eadem
480 2352 614 2395 opera
648 2338 862 2396 ingerunt.
948 2340 1130 2394 Iamque
1169 2354 1261 2381 non
1297 2340 1435 2381 modo

73 2528 94 2554 1
121 2538 185 2562 eos
213 2539 379 2574 quoque.
492 2529 513 2554 ²
537 2538 664 2564 totum
688 2530 759 2564 hoc
782 2530 892 2564 colon
920 2530 1006 2563 hinc
1030 2530 1151 2565 abest.
1261 2530 1280 2560 3
1306 2531 1436 2566 icium.

161 2582 184 2614 4
204 2583 378 2629 aggressi.
517 2584 535 2611 5
550 2584 787 2622 Perdiccam.
925 2584 944 2608 6
962 2591 1066 2618 tunc.
1206 2584 1223 2611 7
1245 2584 1434 2628 desiliete,

160 2637 255 2671 icem
280 2636 400 2682 paulo
427 2646 530 2683 post.
