1703 2961
399 119 481 160 DE
525 117 735 161 GES'l'ls
780 117 948 158 AlAEx.
984 119 1033 166 X,
1068 119 1132 158 13.
1364 116 1447 156 359

83 242 158 265 cen
185 242 231 264 eo
261 230 507 276 reciperetur.
555 230 690 274 Neque
718 228 837 261 multo
866 235 962 274 post.
992 240 1078 262 cum
1104 229 1182 261 iam
1207 227 1332 273 sopita
1356 226 1447 260 odia

83 294 316 330 viderentur,
352 303 452 325 nova
490 298 619 324 exorta
652 290 907 323 contentione
941 289 1039 322 adeo
1071 289 1370 330 recruduerant,
1402 294 1445 320 ut

83 355 200 393 etiam
226 354 267 386 in
293 361 400 386 atrox
431 353 594 397 iurgium
630 358 665 384 et
705 351 842 384 acerba
870 351 1051 395 utrinque
1073 350 1250 383 convicia
1274 360 1441 394 prorum—

81 422 229 461 perent.
277 414 353 447 Sed
381 413 584 448 Alexandri
611 413 828 445 interventu
853 413 1096 458 imperioque
1120 409 1348 444 inimicitiae
1371 409 1441 441 sal-

81 484 157 509 tem
183 478 223 510 in
247 476 411 521 speciem
437 475 603 508 abolitae
629 481 735 507 sunt:
775 485 862 507 cum
887 474 954 506 ille
980 473 1137 518 quidem
1163 469 1442 516 Hephaestioni

82 538 194 570 etiam
220 537 383 570 minatus
410 543 518 577 esset,
542 536 608 582 qui
635 536 676 569 in
702 535 993 579 flagrantissima
1023 534 1118 579 regis
1141 533 1259 578 gratia
1283 531 1443 577 positus,

82 609 316 643 quamquam
357 597 540 643 cupidum
573 597 903 631 reconciliationis
937 597 1170 638 Eumenem,
1208 591 1442 640 pertinacius

81 660 334 693 aversabatur.

127 723 355 756 Perventum
380 720 523 754 deinde
551 727 605 754 est
628 719 671 752 in
684 719 837 753 Mediae
863 731 1032 766 campos,
1058 719 1126 752 ubi
1152 716 1308 751 maximi
1327 726 1443 760 equo-

82 794 164 815 rum
196 793 323 828 greges
362 781 629 828 pascebantur.
690 781 849 814 Nisaeos
881 782 1092 827 appellant,
1119 777 1382 825 magnitudine
1407 781 1445 808 et

81 844 211 890 specie
235 844 415 889 insignes.
477 843 600 887 Supra
638 842 917 888 quinquaginta
943 843 1050 876 milia
1079 842 1134 875 ibi
1159 847 1326 887 reperta,
1356 847 1445 870 cum

82 905 296 938 Alexander
321 917 367 938 eo
394 905 579 947 transiret,
603 915 625 938 a
649 904 853 938 comitibus
879 904 983 936 illius
1009 910 1235 936 annotatum
1252 909 1323 935 est:
1350 899 1445 933 olim

82 967 198 1012 triplo
219 967 349 1013 plures
385 965 518 1009 fuisse,
549 966 616 1000 sed
650 967 750 1000 inter
775 966 966 999 bellorum
992 965 1121 998 turbas
1146 964 1354 997 maximam
1380 971 1444 993 eo-

82 1040 166 1061 rum
213 1036 361 1074 partem
402 1027 616 1072 praedones
655 1028 837 1074 abegisse.
895 1027 956 1062 Ad
989 1028 1148 1072 triginta
1172 1027 1252 1060 dies
1279 1024 1335 1058 ibi
1357 1020 1444 1055 sub-

82 1090 176 1123 stitit
202 1101 294 1123 rex„
326 1089 382 1122 Eo
408 1089 607 1135 Atropates
631 1089 783 1122 Mediae
800 1096 949 1134 satrapa
973 1096 1128 1122 centum
1155 1087 1334 1121 barbaras
1362 1095 1445 1116 mu-

81 1152 191 1184 lieres
217 1151 387 1192 adduxit,
416 1151 616 1196 equitandi
641 1151 793 1195 peritas,
822 1151 1015 1196 peltisque
1044 1157 1081 1183 et
1106 1148 1302 1183 securibus
1326 1155 1444 1179 arma-

79 1219 152 1245 tas:
179 1211 285 1245 unde
314 1211 471 1255 quidam
499 1211 756 1252 crediderunt,
792 1212 1030 1244 Amazonum
1056 1222 1102 1245 ex
1125 1217 1237 1256 gente
1263 1206 1444 1252 reliquias

79 1274 208 1307 fuisse.
257 1271 438 1317 Septimis
473 1271 615 1304 deinde
647 1273 775 1305 castris
805 1273 1003 1306 Ecbatana
1037 1273 1171 1317 attigit,
1204 1269 1358 1304 Mediae
1386 1278 1448 1300 ca-

80 1341 162 1380 put.
210 1333 267 1366 lbi
294 1332 500 1365 sollemnia
525 1333 596 1366 diis
624 1331 813 1366 sacrificia
839 1333 944 1376 fecit,
968 1333 1159 1379 ludosque
1186 1331 1321 1369 edidit,
1346 1336 1383 1362 et
1405 1329 1447 1362 in

82 1395 261 1428 convivia
286 1394 482 1439 festosque
507 1394 587 1428 dies
614 1395 757 1428 laxavit
782 1395 967 1437 animum,
1003 1402 1046 1428 ut
1074 1407 1164 1428 mox
1188 1395 1233 1427 in
1257 1401 1448 1426 novorum

83 1467 244 1502 operum
279 1466 408 1489 curam
444 1463 557 1501 atque
592 1456 806 1489 ministeria
834 1456 999 1490 validior
1030 1456 1310 1490 intenderetur.
1371 1451 1449 1485 Sed

82 1517 155 1551 ista
171 1517 400 1558 volventem,
432 1517 538 1549 velut
569 1516 710 1551 iniecta
746 1529 875 1560 manu,
911 1518 1034 1551 fatum
1061 1519 1138 1551 alio
1165 1518 1290 1558 traxit,
1315 1515 1450 1550 vitam-

85 1590 159 1625 que
188 1578 381 1612 carissimo
410 1579 622 1612 amicorum
650 1580 742 1622 eius,
768 1591 895 1625 neque
923 1580 1045 1613 multo
1072 1587 1159 1625 post
1185 1580 1260 1626 ipsi
1292 1586 1449 1624 quoque

83 1641 161 1686 regi
189 1640 355 1673 extorsit.
402 1640 544 1673 Pueros
570 1640 612 1673 in
633 1642 758 1674 stadio
789 1648 974 1675 certantes
1004 1642 1214 1687 spectabat,
1244 1652 1331 1673 cum
1349 1651 1448 1672 nun-

83 1703 201 1735 tiatur
235 1700 398 1735 deficere
430 1701 775 1746 Hephaestionem,
813 1703 880 1748 qui
917 1703 1054 1736 morbo
1089 1714 1135 1736 ex
1169 1702 1325 1748 crapula
1357 1712 1448 1733 con-

82 1771 205 1797 tracto
231 1764 436 1809 septimum
461 1764 538 1796 iam
566 1764 669 1797 diem
694 1764 963 1798 decumbebat.
1011 1765 1218 1798 Exterritus
1245 1762 1359 1796 amici
1384 1772 1451 1806 pe-

83 1826 206 1858 riculo
232 1825 358 1858 statim
394 1826 602 1870 consurgit,
640 1833 677 1859 et
708 1826 756 1858 ad
787 1825 999 1872 hospitium
1037 1828 1139 1860 illius
1165 1825 1339 1860 celeriter
1365 1834 1452 1868 pet-

86 1888 158 1933 git:
191 1897 318 1931 neque
353 1893 483 1919 tamen
512 1887 616 1932 prius
645 1898 690 1921 eo
716 1888 901 1933 pervenit,
932 1899 1047 1933 quam
1072 1889 1184 1921 illum
1210 1899 1311 1921 mors
1337 1897 1450 1919 occu-

86 1954 225 1994 passet.
274 1947 315 1979 Id
340 1948 419 1993 regi
448 1949 636 1990 omnium,
661 1960 759 1994 quae
785 1950 827 1982 in
852 1950 931 1983 vita
954 1951 1175 1996 pertulerat,
1203 1949 1451 1982 adversorum

87 2009 413 2043 luctuosissimum
431 2010 614 2044 accidisse
636 2019 781 2044 eertum
798 2011 974 2054 habetur,
1001 2023 1167 2057 eumque
1186 2010 1453 2056 magnitudine

90 2072 235 2106 doloris
267 2072 310 2104 in
335 2072 510 2106 lacrimas
542 2080 579 2106 et
601 2075 770 2107 lamenta
794 2075 948 2111 victum,
976 2074 1098 2106 multa
1125 2074 1246 2106 animi
1271 2072 1318 2105 de
1336 2070 1455 2117 gradu

90 2134 230 2169 deiecti
255 2141 476 2179 argumenta
503 2134 679 2173 edidisse.
730 2135 807 2169 Sed
840 2147 884 2169 ea
916 2136 1072 2181 quidem
1103 2136 1208 2168 varie
1235 2135 1454 2167 traduntur:

89 2196 188 2230 illud
216 2197 317 2229 inter
353 2207 486 2229 omnes
521 2204 683 2239 constat,
716 2204 758 2230 ut
792 2208 906 2243 quam
951 2197 1236 2231 decentissimas
1274 2197 1454 2242 exequias

92 2258 128 2291 ei
156 2258 333 2300 duceret,
393 2258 565 2291 noluisse
615 2259 821 2305 Ecbatanis
869 2260 1047 2305 sepeliri,
1095 2259 1161 2293 sed
1197 2259 1455 2304 Babylonem,

92 2331 168 2363 quo
206 2319 290 2365 ipse
323 2330 570 2353 concessurus
597 2327 686 2362 erat,
713 2332 735 2354 a
754 2321 938 2354 Perdicca
962 2321 1103 2354 deferri
1129 2332 1300 2358 curasse:
1323 2321 1457 2366 ibique

90 2380 206 2414 funus
233 2381 410 2414 inaudito
437 2381 601 2415 antehac
628 2384 805 2430 exemplo
843 2383 1053 2417 duodecim
1087 2384 1276 2416 talentum
1301 2383 1458 2416 milibus

91 2441 289 2476 locavisse.
337 2443 409 2476 Per
438 2444 660 2478 universum
698 2453 798 2478 certe
833 2445 1039 2491 imperium
1067 2446 1189 2491 lugeri
1217 2456 1304 2478 eum
1328 2444 1458 2477 iussit:

96 2510 134 2536 et
157 2513 206 2536 ne
241 2505 426 2538 memoria
460 2504 538 2538 eius
574 2505 616 2538 in
652 2507 820 2541 exercitu
852 2507 1099 2548 exolesceret‚
1135 2507 1343 2553 equitibus,
1374 2505 1458 2550 quis

95 2565 326 2610 praefuerat,
351 2566 504 2599 nullum
533 2567 720 2612 praefecit
755 2569 908 2611 ducem,
943 2569 1011 2602 sed
1032 2567 1332 2615 Hephaestionis
1361 2567 1463 2599 alam

97 2626 285 2672 appellari
312 2627 447 2667 voluit,
474 2634 514 2662 et
537 2639 636 2675 quae
662 2630 731 2664 ille
754 2631 863 2678 signa
889 2631 1128 2673 instituisset,
1154 2641 1200 2664 ea
1225 2640 1308 2663 non
1326 2627 1463 2661 immu-
