1703 2961
524 141 990 188 PRAEFATIO.
1388 158 1481 190 xm

126 265 189 311 ad
223 262 593 310 emendandum
623 274 814 309 textum
846 260 1030 325 profici
1054 274 1244 324 posset,
1279 265 1476 324 primus

124 330 343 375 ostendit
367 328 652 374 Hadrianus
678 329 858 384 lunius,
890 329 975 389 qui
998 343 1115 373 cum
1138 330 1312 390 Brugis
1338 328 1478 390 apud

122 395 538 441 Schoenhovium
572 394 888 439 Canonicum
905 404 1127 439 veterem
1159 393 1346 438 librum
1372 409 1475 439 ma-

116 462 439 520 nuscriptum
481 459 777 512 invenisset,
823 473 932 503 non
974 458 1120 515 illum
1164 457 1370 518 quidem
1412 474 1476 505 ex

118 526 339 585 optimis,
367 521 456 568 sed
477 534 646 568 tamen
681 521 742 568 ad
761 525 1072 584 optimorum
1090 516 1333 568 familiam
1353 539 1474 584 pro-

115 605 184 649 pe
220 587 572 645 accedentem,
608 588 777 633 multis
817 589 943 633 locis
978 589 1207 634 Curtium
1239 588 1474 634 emenda-

117 655 297 699 tiorem
328 652 541 698 reddidit
574 654 628 697 in
662 650 777 699 edit.
799 652 1059 714 Antwerp.
1095 668 1137 698 a.
1164 653 1300 709 1546,
1320 668 1475 714 quam

115 730 192 763 est
224 720 278 763 in
310 718 737 764 Freinshemiana.
774 719 950 779 ltaque
967 719 1137 775 miror,
1163 719 1250 779 qui
1281 717 1475 764 factum

115 785 189 840 sit,
223 795 280 828 ut
314 785 640 844 insequentes
673 782 890 828 editores
925 783 1060 829 illius
1098 798 1257 844 opera
1286 798 1474 844 parum

114 849 192 894 usi
226 846 427 905 fuerint,
463 850 558 894 nisi
593 847 721 894 haec
757 859 832 894 est
853 863 1017 905 causa,
1049 846 1189 909 quod
1214 846 1368 894 editio
1393 849 1473 894 Iu-

111 915 266 958 niana
299 930 418 958 mox
452 915 584 958 inter
612 914 886 958 rarissimas
919 911 1098 958 haberi
1128 915 1314 974 coepit.

239 979 381 1023 Haec
417 979 488 1023 sic
522 989 686 1034 erant,
727 992 843 1023 cum
880 977 1158 1023 Franciscus
1190 978 1388 1024 Modius
1420 979 1474 1024 in

111 1041 334 1089 editione
370 1043 667 1088 Coloniensi
704 1057 747 1088 a.
787 1042 908 1090 1579
933 1058 1122 1089 novam
1148 1043 1281 1088 viam
1304 1058 1474 1088 emen-

111 1106 264 1152 dandi
303 1109 460 1154 Curtii
497 1108 710 1169 aperuit.
777 1107 1091 1153 Devenimus
1114 1109 1250 1154 enim
1271 1107 1335 1154 ad
1358 1124 1476 1154 eum

110 1172 305 1229 locum,
354 1187 508 1232 quem
551 1183 700 1217 antea
734 1174 1087 1230 omiseramus,
1124 1188 1241 1219 cum
1288 1172 1350 1218 de
1385 1173 1476 1219 du—

109 1238 235 1298 plici
267 1236 503 1283 codicum
535 1253 652 1283 mss.
689 1236 880 1282 familia
911 1252 1172 1299 exponere
1207 1239 1309 1284 orsi
1343 1253 1476 1284 esse·

109 1317 238 1349 mus,
273 1303 404 1348 Nam
436 1304 491 1347 in
527 1303 682 1348 altera
704 1303 1034 1365 integriorum
1054 1299 1291 1349 codicum
1311 1303 1475 1350 classe

109 1382 289 1428 agmen
322 1366 517 1412 ducunt
548 1367 602 1414 hi
642 1366 778 1424 libri,
827 1366 1012 1428 quibus
1044 1367 1252 1414 Modius
1293 1367 1357 1415 ad
1396 1384 1475 1415 re-

110 1431 423 1477 censendum
467 1433 698 1478 Curtium
749 1447 870 1477 usus
917 1445 1014 1490 est,
1066 1432 1472 1496 Siegebergensis

111 1508 162 1541 et
183 1497 520 1543 Coloniensis.
555 1496 656 1543 Sed
678 1495 956 1542 dolendum
979 1512 1309 1559 magnopere,
1334 1497 1478 1560 quod

107 1576 206 1606 nec
261 1563 372 1621 ipse
423 1562 791 1605 accuratiorem
843 1576 1023 1607 eorum
1073 1561 1476 1624 descriptionem

109 1623 272 1681 dedit,
306 1640 402 1670 nec
434 1624 557 1685 quid
588 1625 686 1670 illis
721 1636 905 1686 postea
931 1624 1125 1672 factum
1148 1629 1224 1685 sit,
1257 1629 1338 1674 vel
1367 1645 1473 1691 quo

109 1688 261 1735 delati
295 1691 395 1735 sint
427 1690 755 1751 cognovimus
767 1706 780 1747 ;
807 1688 966 1736 fuisse
1001 1702 1051 1736 et
1082 1693 1215 1738 inter
1249 1708 1302 1739 se
1337 1696 1473 1741 simi-

108 1755 185 1800 les
220 1765 270 1799 et
304 1770 333 1799 a
363 1753 651 1817 vulgaribus
687 1753 911 1802 diversos
941 1754 1093 1802 facile
1123 1769 1281 1819 patet,
1319 1758 1382 1807 cf.
1415 1772 1473 1806 ut

113 1834 274 1864 unum
315 1819 632 1879 alterumque
656 1819 830 1866 locum
859 1836 958 1882 pro
987 1821 1226 1883 pluribus
1256 1823 1475 1883 laudern,

112 1899 244 1945 quae
276 1883 482 1930 Modius
514 1884 577 1930 ad
608 1885 738 1943 VIII,
774 1886 819 1942 5,
859 1890 917 1931 10
954 1898 1004 1932 et
1036 1889 1080 1944 ὁ,
1102 1890 1161 1933 18
1197 1892 1472 1938 annotavit.

112 1949 285 1996 Varias
320 1964 498 1995 eorum
530 1950 777 1996 lectiones
810 1950 1018 1997 Modius
1062 1968 1171 1998 non
1209 1957 1477 2017 excerpsit,

113 2013 202 2059 sed
232 2025 396 2060 totum
430 2029 562 2076 opus
607 2014 671 2060 ad
703 2030 882 2061 eorum
915 2019 1267 2065 auctoritatem
1299 2035 1477 2066 recen-

114 2080 234 2135 suit,
277 2079 329 2125 id
370 2078 511 2141 quod
551 2078 700 2126 facile
738 2079 835 2126 suit
867 2081 1132 2128 intellectu
1168 2098 1231 2129 ex
1267 2100 1476 2148 compa-

111 2146 309 2190 ratione
355 2158 535 2190 eorum
591 2144 851 2202 codicum,
898 2147 986 2207 qui
1039 2159 1222 2209 postea
1267 2149 1473 2197 latebris

110 2212 356 2270 protracti
397 2220 447 2255 et
482 2225 599 2256 cum
630 2209 773 2257 editis
810 2211 981 2257 collati
1014 2215 1221 2273 penitus
1259 2231 1474 2278 cognos-

114 2286 311 2323 cuntur.
381 2275 445 2320 Hi
481 2287 600 2321 sunt
646 2291 708 2321 ex
751 2276 1169 2323 Freinshemiano
1220 2294 1474 2342 apparatu

113 2337 230 2384 libri
270 2341 615 2402 Bongarsiani,
657 2357 797 2386 nunc
830 2343 1088 2400 Bernates,
1119 2359 1340 2404 quorum
1381 2346 1472 2392 du-

113 2404 238 2464 plex
270 2406 500 2450 instituta
545 2417 620 2451 est
652 2407 876 2463 collatiO,
912 2407 1068 2453 altera
1101 2424 1131 2454 a
1180 2410 1303 2454 Iano
1341 2411 1472 2457 Gru-

114 2481 236 2524 tem,
280 2472 366 2531 qui
413 2470 540 2516 duos
603 2487 656 2516 se
684 2473 943 2534 Bongarsii
983 2473 1186 2519 codices
1231 2487 1471 2522 tractasse

113 2546 162 2577 et
195 2535 456 2581 meliorem
489 2551 548 2581 ex
586 2538 791 2581 nomine
819 2539 1002 2598 prioris
1039 2543 1350 2599 possessoris
1381 2543 1471 2587 Pe-

113 2601 170 2644 tri
207 2599 436 2646 Danielis
475 2600 659 2648 librum
698 2603 987 2664 appellasse
1032 2606 1258 2667 scripsit,
1314 2604 1469 2652 altera
