1703 2961
464 105 546 146 DE
589 104 796 148 GESTIS
830 105 1000 146 ALEX.
1034 107 1083 156 X,
1124 106 1160 147 5.
1412 103 1494 147 349

75 233 121 262 38
137 236 238 262 vum
269 231 348 269 esc,
386 235 567 272 regnare
607 228 843 259 castratum
865 222 881 260 !
921 217 1000 259 llic
1041 218 1124 259 suit
1151 218 1288 260 exitus
1319 217 1496 260 nobilis-

136 292 233 333 simi
266 292 512 339 Persarum,
550 306 632 332 nec
671 290 855 330 insontis
894 289 1043 339 modo,
1072 290 1146 330 sed
1177 290 1357 331 eximiae
1388 304 1496 346 quo-

71 377 119 407 39
135 379 218 420 que
250 363 528 419 benignitatis
560 364 602 403 in
633 376 792 417 regem.
857 361 1030 401 Eodem
1070 368 1270 417 tempore
1306 361 1496 402 Phrada-

135 442 213 482 tes,
234 450 418 492 regnum
461 434 685 475 affectasse
715 440 953 488 suspectus,
987 432 1218 478 occiditur,
1271 432 1496 489 Coeperat

133 522 223 547 esse
252 520 462 563 praeceps
502 505 556 546 ad
596 504 966 560 repraesentanda
1003 504 1234 560 supplicia,
1263 504 1400 544 item¹
1438 502 1495 544 ad

65 591 118 618 40
134 577 350 619 deteriora
377 577 610 631 credenda.
670 576 848 619 Scilicet
874 591 942 617 res
970 577 1189 618 secundae
1215 576 1360 617 valent
1376 591 1495 618 com-

132 657 305 690 mutare
332 656 550 699 naturam,
581 655 625 690 et
653 663 754 689 raro
793 648 1023 705 quisquam
1055 663 1153 705 erga
1184 649 1301 689 bona
1331 663 1406 689 sua
1433 662 1496 688 sa-

132 720 186 762 tis
240 729 394 763 cautus
450 728 525 762 est.
606 721 731 763 Idem
776 721 892 761 enim
933 719 1065 775 paulo
1100 727 1201 761 ante
1248 720 1495 776 Lyncesten

130 791 426 833 Alexandrum
456 793 650 834 delatum
678 808 700 833 a
728 792 899 833 duobus
926 791 1143 832 indicibus
1172 790 1380 833 damnare
1402 807 1496 833 non

64 879 112 904 41
130 864 406 914 sustinuerat,
442 863 696 906 humiliores
733 879 909 921 quoque
947 878 1046 904 reos
1083 869 1235 904 contra
1268 878 1393 904 suam
1420 879 1495 905 vo-

133 935 362 983 luntatem,
396 937 496 992 quia
534 937 689 978 ceteris
716 936 978 977 videbantur
1008 935 1214 982 insontes,
1244 950 1392 990 passus
1423 935 1495 976 ab·

63 1008 253 1057 42solvi3
291 1007 491 1048 hostibus
528 1008 651 1050 victis
691 1023 823 1063 regna
860 1007 1166 1048 reddiderat22
1202 1007 1257 1046 ad
1289 1007 1494 1048 ultimum

132 1086 281 1119 tamen
308 1079 365 1120 ita
399 1080 452 1120 ab
486 1080 720 1135 semetipso
753 1078 1040 1135 degeneravit,
1068 1084 1129 1124 ut,
1151 1077 1337 1118 invictus
1357 1093 1495 1135 quon-

131 1149 265 1190 da1n³
313 1151 516 1191 adversus
555 1150 783 1190 libidinem
821 1149 976 1199 animi,
1019 1148 1199 1190 arbitrio
1240 1150 1372 1191 scorti
1403 1150 1495 1192 aliis

127 1235 259 1277 regna
290 1221 426 1271 daret,
457 1221 548 1262 aliis
576 1221 792 1262 adimeret
821 1221 970 1264 vitam.

64 1338 114 1365 43
210 1320 370 1361 lisdem
408 1320 500 1362 fere
542 1320 694 1362 diebus
735 1312 900 1362 litteras
941 1336 963 1362 a
1001 1320 1155 1363 Coeno
1195 1322 1395 1378 accipit4
1436 1324 1489 1366 de

128 1392 258 1432 rebus
285 1392 330 1432 in
359 1394 537 1447 Europa
571 1399 614 1433 et
641 1392 743 1433 Asia
771 1393 909 1448 gesti5‚
943 1393 1049 1433 dum
1079 1394 1169 1448 ipse
1192 1395 1362 1435 Indiam
1393 1397 1492 1437 sub-

60 1484 111 1508 44
126 1464 256 1519 egit.⁵
323 1465 528 1521 ZopyriQ
566 1464 780 1505 Thraciae
820 1465 1106 1520 praepositus,
1148 1467 1289 1505 cum⁶
1321 1468 1492 1523 expedi-

128 1536 297 1576 tionem
336 1536 380 1577 in
421 1535 554 1576 Getas
591 1535 777 1585 faceret,
831 1537 1164 1592 tempestatibus
1202 1538 1491 1595 procellisque

64 1630 111 1655 45
130 1608 273 1648 subito
305 1608 478 1657 coortis,
513 1623 614 1648 cum
646 1615 740 1648 toto
771 1609 960 1649 exercitu
985 1624 1216 1665 oppressus
1250 1617 1356 1651 erat.
1391 1612 1491 1666 Qua

128 1679 300 1735 cognita
335 1680 472 1726 clade,
504 1678 691 1720 Seuthes
725 1680 919 1735 Odrysas
950 1681 1184 1737 populares
1214 1697 1314 1723 suos
1346 1685 1399 1725 ad
1422 1684 1493 1725 cle-

125 1749 366 1792 fectionem
412 1750 698 1806 compulerat.
775 1751 942 1792 Amissa
983 1753 1312 1810 propemodum
1354 1755 1494 1796 Thra-

127 1823 209 1874 cia,
241 1839 295 1863 ne
327 1823 512 1864 Graecia
543 1823 722 1879 quidem
752 1822 780 1849 ἦ
801 1823 828 1850 ÷

128 1922 372 1964 [tumultibus
408 1923 636 1955 inconcussa
674 1924 822 1956 mansit.
869 1925 967 1957 Nam
999 1925 1226 1969 Alexander,
1263 1928 1401 1972 punita
1437 1939 1492 1961 sa-

126 1991 320 2028 traparum
359 1983 601 2028 quorundam
639 1984 859 2023 insolentia,
892 1997 1022 2030 quam,
1050 1986 1140 2019 dum
1166 1987 1208 2020 iu
1237 1997 1404 2022 extremo
1434 2002 1493 2022 or-

127 2042 176 2076 be
203 2044 383 2076 lndorum
411 2045 522 2077 armis
552 2047 742 2087 attinetur,
772 2058 839 2091 per
865 2058 1012 2080 summa
1042 2049 1185 2082 scelera
1211 2057 1324 2095 atque
1350 2050 1493 2095 flagitia

127 2105 167 2138 in
193 2106 451 2150 provinciales
479 2115 737 2149 exercuerant,
764 2116 977 2142 ceterorum
994 2117 1136 2143 metum
1162 2111 1396 2144 intenderat:
1426 2111 1492 2157 qui

126 2167 168 2200 in
192 2168 346 2212 paribus
381 2167 528 2201 delicus
562 2168 666 2201 idem
703 2170 953 2204 admissorum
980 2172 1197 2217 praemium
1230 2178 1490 2218 expectantes,

128 2331 146 2354 1
173 2330 287 2366 idem.
344 2333 363 2357 2
388 2333 450 2367 De
474 2336 631 2369 coniecc.
661 2334 781 2370 codd.
808 2347 965 2381 regnare
992 2337 1162 2370 duxerat.
1224 2338 1242 2367 3
1268 2338 1412 2372 Totum
1437 2338 1492 2373 lo-

218 2397 302 2418 cum
334 2385 383 2419 de
418 2391 642 2421 coniectura
674 2393 954 2432 constituimus,
993 2404 1078 2425 cum
1115 2395 1155 2424 in
1192 2391 1304 2426 libris
1328 2405 1412 2426 mss.
1438 2396 1493 2427 sic

216 2439 437 2484 legeretur:
464 2443 509 2475 ad
535 2443 715 2476 ultimum
749 2447 950 2478 traiectum
982 2446 1029 2478 ab
1056 2446 1259 2491 semetipso
1288 2446 1491 2492 degenera-

219 2492 273 2525 vit
303 2500 344 2525 ut
376 2494 419 2527 in
454 2496 645 2541 quoddam
682 2496 856 2531 adversus
894 2507 966 2533 cet.
998 2502 1038 2533 in
1065 2499 1229 2544 vulgatis
1252 2509 1386 2533 autem
1408 2503 1490 2533 sic.-

219 2546 266 2578 ad
292 2547 468 2582 ultimum
501 2561 524 2583 a
556 2551 762 2595 semetipso
797 2551 1040 2598 degeneravit
1066 2564 1189 2598 usque
1215 2553 1326 2597 adeo,
1353 2561 1394 2586 ut
1422 2554 1492 2586 ad-

218 2610 357 2638 versus,
555 2605 577 2637 4
603 2604 765 2650 accepit.
967 2614 987 2637 ⁵
1016 2607 1170 2653 subigit.
1336 2606 1357 2632 ⁶
1384 2607 1487 2641 dum.
