1703 2961
213 140 295 182 320
674 137 732 192 Q.
764 136 965 179 CURTU
996 131 1140 179 RUFI

216 252 261 292 in
302 250 459 292 urbem
493 250 688 292 bostium
723 250 900 307 plenam
935 249 1164 306 'praecipiti
1198 249 1307 290 saltu
1337 249 1566 306 semetipse

219 324 411 371 immisit,
450 339 551 363 curn
590 323 656 363 vix
689 337 863 379 sperare
903 329 1072 379 posset,
1115 322 1399 363 dimicantem
1448 329 1567 364 certe

219 403 262 437 et
289 411 379 436 non
409 395 596 436 inultum
629 410 717 436 esse
746 394 1033 436 moriturum:
1060 395 1217 451 quippe
1241 400 1474 451 antequam
1508 409 1570 435 as-

220 474 425 525 surgeret,
469 467 658 524 opprimi
696 474 871 523 poterat
911 475 955 509 et
988 467 1083 522 capi
1125 467 1257 510 vivus.
1333 467 1420 509 Sed
1456 466 1569 507 forte
1603 480 1621 508 3

220 543 281 583 ita
310 541 541 582 libraverat
571 555 742 596 corpus,
772 547 821 580 ut
849 555 892 581 se
924 539 1109 597 pedibus
1137 540 1366 596 exciperet.
1422 539 1572 594 Itaque

222 621 337 655 stans
376 613 456 653 init
490 625 704 669 pugnam3
743 619 785 653 et
824 628 877 653 ne
919 612 1140 654 circumiri
1175 619 1344 668 posset,
1395 610 1573 652 Fortuna

222 685 485 742 providerat.
544 685 726 725 'Vetusta
756 685 900 733 arbor,
925 684 1045 726 haud
1076 684 1229 741 procul
1256 698 1400 734 muro,
1429 698 1576 724 ramos
1607 698 1630 721 4

223 758 362 800 multa
393 757 550 798 fronde
589 756 787 806 vestitos,
823 757 940 798 velut
977 758 1029 798 de
1063 756 1271 798 industria
1302 771 1450 812 regem
1479 770 1579 813 pro-

225 837 432 887 tegentes,
477 828 722 878 obiecerat;
761 827 888 870 huius
923 829 1113 887 spatioso
1153 830 1285 886 stipiti
1322 843 1492 885 corpus,
1523 843 1577 869 ne

228 902 448 945 circumiri
484 909 644 958 posset,
684 901 906 958 applicuit,
948 901 1089 958 clipeo
1130 902 1226 952 tela,
1268 917 1379 959 quae
1418 917 1468 944 ex
1507 901 1582 942 ad-

225 990 350 1016 verso
390 974 711 1030 ingerebantur,
752 973 977 1030 excipiens.
1037 975 1154 1015 Nam
1185 989 1287 1016 cum
1317 988 1455 1015 unum
1483 988 1585 1030 pro-
1617 985 1633 1012 s

230 1047 299 1090 cul
335 1054 403 1088 tot
439 1061 593 1087 manus
632 1053 852 1102 peterent,
889 1062 1020 1088 nemo
1059 1054 1209 1088 tamen
1251 1047 1442 1089 audebat
1484 1061 1586 1103 pro-

229 1121 326 1177 pius
357 1118 587 1166 aecedere;
625 1118 797 1159 missilia
836 1119 968 1159 ramis
1007 1120 1146 1176 plura,
1185 1136 1318 1178 quam
1352 1120 1491 1176 clipeo
1524 1119 1586 1159 in-

233 1191 448 1233 cidebant.
505 1191 732 1246 Pugnabat
769 1206 850 1248 pro
891 1205 990 1247 rege
1030 1192 1223 1248 primum
1262 1192 1466 1234 celebrati
1508 1207 1585 1232 no-
1616 1197 1636 1225 6

231 1263 363 1305 minis
402 1262 532 1310 fama,
572 1263 728 1303 deinde
774 1263 1034 1318 desperatio,
1071 1280 1281 1321 magnum
1320 1264 1375 1305 ad
1403 1263 1587 1305 honeste

233 1335 516 1377 moriendum
557 1335 904 1375 incitamentum.
976 1335 1061 1376 Sed
1099 1352 1200 1377 cum
1239 1336 1422 1377 subinde
1450 1335 1587 1377 hostis
1621 1348 1636 1371 7

236 1407 449 1453 afflueret,
483 1406 570 1447 iam
602 1406 823 1463 ingentem
847 1407 936 1447 vim
965 1407 1154 1448 telorum
1176 1415 1405 1464 exceperat
1434 1407 1588 1464 clipeo,

236 1482 325 1523 iam
363 1479 530 1536 galeam
581 1494 677 1520 saxa
716 1478 1025 1536 perfregerant,
1063 1480 1150 1521 iam
1194 1480 1405 1521 continuo
1440 1479 1590 1521 labore

238 1552 380 1611 gravia
418 1566 556 1608 genua
593 1551 881 1593 succiderant.
944 1553 1095 1608 Itaque
1135 1552 1427 1608 contemptim
1459 1552 1592 1593 etin·
1625 1561 1642 1584 9

241 1633 379 1673 caute,
425 1624 498 1681 qui
533 1623 718 1680 proximi
762 1632 998 1674 steterant,
1037 1625 1338 1665 incurrerunt:
1377 1640 1400 1665 e
1437 1623 1594 1681 quibus

242 1699 351 1739 duos
379 1697 520 1753 gladio
559 1696 615 1736 ita
657 1697 832 1751 excepit,
874 1704 923 1737 ut
952 1703 1051 1736 ante
1080 1695 1220 1750 ipsum
1253 1696 1468 1738 exanimes
1496 1712 1595 1753 pro-

244 1770 512 1812 cumberent.
574 1769 667 1809 Nec
707 1768 913 1825 cuiquam
955 1768 1112 1809 deinde
1150 1768 1328 1825 propius
1355 1769 1594 1810 incessendi

245 1857 344 1883 eum
379 1841 546 1881 animus
570 1840 669 1880 fuit:
698 1841 850 1897 procul
881 1841 1017 1882 iacula
1048 1840 1306 1898 sagittasque
1337 1841 1582 1883 mittebant.

181 1917 236 1955 20
327 1913 398 1954 llle
433 1913 486 1953 ad
518 1927 671 1953 omnes
695 1914 806 1954 ictus
835 1913 1062 1969 expositus,
1095 1926 1221 1969 aegre
1248 1912 1335 1952 iam
1366 1920 1596 1968 exceptum
1628 1925 1650 1951 9

245 1985 479 2043 poplitibus
523 2000 678 2039 eorpus
716 1986 938 2034 tuebatur3
974 1986 1114 2026 donce
1146 1985 1278 2025 Indus
1307 1984 1497 2026 duorum
1530 2001 1600 2027 cu-

247 2059 442 2099 bitorum
480 2057 681 2113 sagittam
726 2061 935 2114 (namque
974 2058 1108 2104 Indis,
1148 2064 1197 2097 ut
1236 2064 1361 2097 antea
1405 2057 1599 2105 diximus,

247 2130 374 2170 huius
406 2129 715 2186 magnitudinis
739 2130 916 2186 sagittae
955 2133 1096 2180 erant)
1138 2129 1195 2170 ita
1228 2128 1421 2177 excussit,
1446 2136 1495 2170 ut
1522 2143 1602 2185 per

249 2201 477 2242 thoracem
525 2202 702 2256 paulum
762 2217 891 2258 super
944 2202 1054 2243 latus
1115 2202 1314 2242 dextrum
1356 2199 1596 2256 infigeret.¹

253 2274 353 2328 Quo
392 2275 567 2314 vulnere
603 2274 808 2323 afflictus,
852 2290 1007 2330 magna
1043 2274 1083 2314 vi
1121 2273 1337 2330 sanguinis
1376 2272 1665 2322 emicante,10

254 2346 419 2386 remisit
459 2360 576 2385 arma
617 2347 882 2405 moribundo
925 2347 1092 2395 similis,
1141 2346 1336 2401 adeoque
1376 2345 1602 2394 resolutus,

255 2426 303 2458 ut
334 2433 387 2458 ne
420 2418 472 2457 ad
506 2418 750 2458 vellendum
784 2418 961 2475 quidem
989 2419 1122 2460 telum
1148 2416 1366 2459 sufficeret
1385 2416 1603 2457 dextera.2

254 2492 410 2547 Itaque
444 2489 497 2530 ad
541 2490 850 2546 expoliandum
885 2506 1058 2546 corpus,
1089 2489 1162 2547 qui
1192 2488 1492 2530 vulneraverat
1522 2487 1662 2527 ala-11

1536 2574 1612 2601 cer

259 2634 276 2656 1
302 2631 533 2675 infigeretur,
735 2633 755 2659 2
790 2634 929 2678 dextra,
958 2636 1045 2669 item
1069 2642 1157 2678 post
1179 2632 1310 2677 paulo.
