1703 2961
232 140 313 181 298
694 139 752 196 Q.
783 141 990 185 CURTII
1018 143 1159 186 RUFI

230 251 371 309 gebat,
403 250 668 294 descendere
699 268 802 296 eum
829 262 962 304 ratus,
993 269 1120 297 more
1149 255 1276 298 solito
1307 257 1591 316 elephantum

230 323 526 379 procumbere
555 325 677 366 iussit
707 325 751 366 in
781 341 940 382 genua:
969 328 1044 385 qui
1071 334 1120 368 ut
1149 341 1194 368 se
1223 328 1434 381 submisit,
1456 333 1590 373 ceteri

232 411 420 452 quoque,
461 395 520 437 ita
548 396 666 438 enim
696 398 880 439 instituti
917 406 1056 447 erant,
1088 399 1300 442 demisere
1332 418 1518 460 corpora
1547 404 1592 446 in

230 474 407 509 terram.
472 468 538 510 Ea
576 483 645 510 res
685 477 728 512 et
763 470 928 511 Porum
969 478 1012 513 et
1038 479 1208 515 ceteros
1237 473 1478 517 victoribus
1507 483 1593 517 tra-

232 539 355 582 didit.

165 616 214 659 51
312 614 407 654 Rex
446 612 619 671 spoliari
655 629 815 670 corpus
849 614 977 668 Pori,
1013 616 1328 673 interemptum
1369 633 1458 660 esse
1500 632 1656 662 cre-40
1680 607 1697 659 ,¹

230 685 350 735 dens,
389 686 553 736 jubet‚¹
599 693 643 727 et
683 687 757 743 qui
793 688 1076 730 detraherent
1113 689 1297 731 loricam
1324 698 1592 746 vestemque,

231 772 517 808 concurrere;
558 774 660 800 cum
700 758 826 799 belua
861 758 1095 800 dominum
1125 760 1235 801 tueri
1285 769 1328 803 et
1355 763 1590 818 spoliantes

230 830 376 886 coepit
403 837 623 886 appetere,
655 830 934 887 levatumque
970 847 1130 888 corpus
1163 833 1251 874 eius
1281 848 1428 876 rursus
1458 835 1590 877 dorso

229 917 308 943 suo
348 901 590 956 imponere.
663 902 780 958 Ergo
822 902 914 944 telis
943 904 1138 961 undique
1170 904 1385 953 obruitur,
1420 908 1592 948 confos-

228 988 365 1030 soque
395 988 464 1022 eo,
505 973 550 1014 in
579 972 831 1015 vehiculum
859 974 997 1016 Porus
1029 975 1285 1033 imponitur.
1339 977 1486 1032 Quem
1514 995 1648 1026 rex41

227 1053 278 1087 ut
305 1045 412 1086 vidit
446 1044 704 1086 allevantem
735 1045 898 1096 oculos,
937 1062 1027 1088 non
1058 1048 1175 1096 odio,
1206 1050 1281 1090 sed
1311 1050 1591 1093 miseratione

229 1124 495 1168 commotus,
544 1119 678 1183 Quae,
721 1120 891 1168 malum,
928 1119 1080 1176 inquit,
1121 1125 1313 1163 amentia
1353 1133 1396 1164 te
1433 1124 1591 1178 coe'gic,

227 1206 366 1237 rerum
397 1206 584 1230 mearum
623 1193 799 1244 cognita
816 1189 964 1248 sama,
997 1194 1099 1232 belli
1111 1190 1346 1251 fortunam
1375 1200 1570 1250 experiri
1580 1215 1590 1247 ;

227 1281 321 1306 cum
355 1265 559 1304 Taxilis²
599 1273 712 1304 esset
741 1267 786 1304 in
827 1266 1004 1306 deditos
1042 1267 1293 1308 clemenciae
1332 1285 1448 1309 meae
1492 1281 1583 1311 cam

225 1339 515 1394 propinquum
554 1336 639 1377 cibi
668 1337 942 1390 exemplum?
972 1337 1030 1376 At
1061 1337 1140 1387 ille,
1177 1342 1404 1403 Quoniam,
1434 1342 1588 1398 inquit,
1607 1360 1656 1385 42

225 1412 510 1467 percontaris,
551 1409 816 1463 respondebo
844 1425 896 1449 ea
924 1410 1138 1459 libertate,
1171 1428 1295 1467 quam
1326 1416 1590 1466 incerrogan-

225 1487 283 1527 do
311 1479 488 1541 fecisti.
556 1484 784 1523 Neminem
831 1497 895 1523 me
926 1479 1171 1540 fortiorem
1216 1503 1307 1528 esse
1355 1488 1588 1529 censebam.

224 1561 355 1600 Meas
402 1558 515 1596 enim
560 1571 764 1597 noveram
804 1558 947 1605 vires,
995 1558 1181 1598 nondum
1218 1570 1425 1614 expertus
1471 1572 1653 1602 tuas543
1694 1546 1698 1560 ί

213 1629 457 1693 fortiorem
500 1645 591 1670 esse
628 1640 685 1672 ce,
717 1629 822 1668 belli
859 1631 1012 1670 docuit
1048 1642 1239 1673 eventus.
1317 1635 1404 1674 Sed
1440 1651 1491 1675 ne
1527 1637 1591 1676 sic

227 1705 400 1762 quidem
437 1718 592 1756 parum
618 1698 748 1759 felix
785 1717 891 1750 sum,
931 1705 1143 1744 secundus
1171 1706 1269 1746 cibi.
1331 1706 1497 1746 Rursus
1529 1706 1592 1747 in-

223 1782 482 1832 terrogatus,
519 1773 625 1830 quid
663 1773 752 1829 ipse
794 1772 1007 1814 victorem
1035 1783 1225 1818 statuere
1257 1777 1417 1818 debere
1446 1793 1592 1819 cense-

223 1857 319 1897 ret,
351 1849 482 1911 Quod
512 1849 596 1896 hic,
627 1844 780 1902 inquit,
811 1848 908 1887 dies
947 1848 1034 1888 cibi
1072 1852 1242 1899 suadet,
1270 1866 1353 1906 quo
1383 1862 1592 1905 expertus

224 1939 283 1971 es,
309 1937 439 1979 quam
477 1921 641 1961 caduca
661 1915 870 1976 felicitas
908 1933 1034 1962 essee.
1102 1923 1202 1964 Plus
1239 1923 1465 1964 monendo
1492 1937 1656 1979 pro-44

221 1995 342 2043 fecit,
372 2007 507 2052 quam
545 1991 578 2032 si
616 1998 820 2048 precatus
850 1999 971 2033 esset.
1029 1993 1206 2051 Quippe
1237 1993 1590 2051 magnitudinem

224 2066 359 2111 animi
379 2066 468 2107 eius
497 2063 755 2113 interritam,
784 2078 835 2104 ac
863 2079 918 2104 ne
937 2063 1116 2106 fortuna
1143 2065 1323 2122 quidem
1342 2065 1588 2117 infractam,

223 2157 316 2182 non
352 2136 654 2180 misericordia
699 2135 852 2183 modo,
893 2135 970 2176 sed
1009 2136 1139 2178 etiam
1178 2137 1351 2180 honore
1388 2139 1588 2194 excipere

224 2213 427 2269 dignatus
468 2216 546 2252 est.
605 2208 801 2264 Aegrum
843 2208 1012 2248 curavit
1053 2208 1172 2250 haud
1213 2225 1348 2261 secus,
1389 2225 1522 2267 quam
1555 2209 1647 2258 si45
1694 2214 1703 2268 ἦ]

223 2299 307 2342 pro
333 2283 427 2340 ipso
446 2288 700 2338 pugnasset;
736 2277 1048 2321 confirmatum
1065 2289 1217 2322 contra
1243 2297 1366 2338 spem
1388 2281 1591 2322 omnium

223 2356 270 2398 in
322 2354 569 2396 amicorum
616 2365 855 2393 numerum
905 2352 1090 2406 reecpit3
1128 2368 1232 2394 mox
1271 2352 1451 2395 donavit
1501 2367 1592 2393 am-

221 2419 363 2485 pliore
404 2440 553 2483 regno,
590 2439 725 2482 quam
764 2423 921 2469 tenuit.
990 2425 1085 2467 Nec
1121 2440 1223 2467 sanc
1253 2425 1490 2482 quicquam
1525 2425 1587 2466 in-
1598 2450 1652 2480 46

227 2632 247 2657 1
277 2630 403 2666 iussit.
607 2627 628 2653 2
652 2627 818 2662 Taxiles.

1691 2555 1699 2751 -4--...--„.
1693 2536 1697 2546 -
