1703 2961
367 138 448 181 DE
490 134 698 180 GESTlS
728 132 896 175 ALEX.
932 133 1004 183 Ill,
1036 133 1099 177 13.
1357 136 1407 180 17

59 273 150 300 cum
191 268 281 297 tam
314 252 517 308 superbas
553 251 728 290 litteras
768 249 982 295 scriberet,
1013 243 1245 304 fortunam
1277 264 1407 290 meam

57 334 104 371 in
141 329 320 371 consilio
360 326 530 366 habuit:
576 324 652 362 secl
690 323 976 375 nequicquam,
1014 323 1050 359 si
1091 324 1198 361 mihi
1228 323 1409 365 arbitrio

0 416 149 444 13me0
188 403 332 442 curari
370 400 483 439 licet.
558 397 698 436 Lenta
732 396 919 434 remedia
956 402 1000 433 eb·
1037 409 1187 446 segnes
1223 397 1411 438 medicos

56 490 139 517 non
168 480 401 527 expectant
427 474 442 494 ¹
479 478 675 521 tempora
704 482 822 507 mea:
846 467 919 508 vel
947 468 1058 507 mori
1075 475 1254 514 strenue,
1284 484 1410 524 (neam

57 549 183 589 tarde
213 543 504 587 convalescere
544 542 651 580 milti
679 541 828 580 melius
860 549 937 580 esc.
1004 539 1210 590 Proinde,
1240 543 1281 580 si
1305 544 1412 596 quid

57 622 167 673 opis,
197 620 238 658 si
265 616 372 672 quid
400 616 512 654 artis
546 615 591 653 in
620 614 803 653 medicis
832 623 910 658 est,
940 613 1093 660 sciant,
1118 628 1181 651 mc
1211 627 1294 654 non
1322 623 1411 654 cam

0 707 44 731 14
56 693 230 738 mortis,
283 703 407 743 quam
452 687 556 726 belli
604 687 835 726 remedium
890 699 1100 740 quaerere.
1187 685 1408 741 Ingentem

56 762 265 805 omnibus
283 761 520 801 incusserat
543 771 694 798 curam
720 764 809 798 tam
829 771 1035 814 praeceps
1055 752 1274 797 temeritas
1306 757 1408 800 eius.

54 835 175 891 Ergo
225 846 308 889 pro
349 845 392 871 se
427 830 608 886 quisque
646 829 814 885 precari
856 842 1052 884 coepere,
1090 843 1144 868 ne
1178 828 1414 870 festinatio-

56 921 113 947 ne
142 902 387 962 periculum
424 908 611 958 augeret,
652 900 727 941 sed
766 907 876 940 esset
914 899 959 939 in
994 905 1209 954 potestate
1238 900 1415 941 meden-

0 995 43 1021 15
61 977 190 1018 tium:
237 975 460 1029 inexperta
511 971 703 1012 remedia
741 971 859 1011 haud
893 970 1046 1010 iniuria
1090 969 1188 1025 ipsis
1228 986 1316 1012 esse
1348 982 1415 1013 su-

61 1053 221 1103 specta,
260 1060 360 1085 cum
401 1043 455 1084 ad
489 1043 730 1099 perniciem
767 1043 857 1083 eius
895 1041 1025 1082 etiam
1061 1056 1083 1081 a
1123 1041 1255 1083 latere
1284 1043 1416 1099 ipsius

1 1117 248 1175 16pecunia
282 1114 533 1156 sollicitaret
570 1113 715 1155 hostis.
789 1113 964 1169 Quippe
1001 1113 1172 1154 Dareus
1200 1114 1314 1155 mille
1354 1123 1416 1157 ta-

58 1191 175 1232 lenta
224 1186 495 1229 interfectori
539 1186 771 1228 Alexandri
811 1185 1019 1227 daturum
1058 1200 1102 1226 se
1138 1187 1416 1241 pronuntiari

59 1261 250 1302 iusserat.
294 1259 446 1316 ltaque
474 1274 529 1299 ne
556 1273 764 1300 ausurum
796 1257 974 1314 quidem
1007 1273 1273 1314 quemquam
1307 1258 1418 1299 arbi-

60 1333 291 1374 trabantur
320 1331 499 1387 experiri
527 1331 788 1381 remedium,
819 1330 938 1386 quod
964 1336 1148 1386 propter
1176 1330 1416 1372 novitatem

61 1410 209 1460 posset
240 1417 330 1444 esse
369 1410 633 1459 suspectum.

8 1488 64 1520 vl.
146 1475 256 1517 Erat
288 1474 403 1515 inter
431 1473 599 1515 nobiles
629 1476 825 1518 medicos
853 1491 903 1517 ex
926 1477 946 1501 ²
978 1472 1241 1516 Macedonia
1272 1472 1477 1532 regemM

65 1555 238 1589 secutus
275 1545 515 1602 Philippus,
557 1547 735 1589 natione
772 1550 998 1596 Acarnan,
1038 1545 1148 1586 fidus
1176 1547 1419 1589 admodum

63 1619 173 1674 regi:
210 1631 348 1674 puero
380 1631 528 1658 comes
569 1625 610 1658 et
641 1626 785 1659 eustos
812 1617 958 1659 salutis
989 1617 1128 1668 datus,
1159 1633 1250 1659 non
1280 1625 1328 1660 ut
1356 1632 1422 1660 re-

63 1706 162 1747 gem
187 1688 336 1738 modo,
366 1688 441 1729 sed
471 1688 601 1730 etiam
633 1697 681 1730 ut
699 1690 940 1737 alumnum,
973 1689 1127 1730 eximia
1156 1689 1334 1731 caritate
1361 1689 1423 1731 di-

15 1784 37 1807 2
67 1760 238 1817 ligebat.
305 1760 346 1800 Is
374 1775 465 1801 non
489 1774 698 1817 praeceps
728 1778 783 1811 se,
816 1762 890 1803 sed
919 1769 1146 1802 strenuum
1176 1761 1422 1803 remedium

67 1831 241 1881 afferre,
264 1837 522 1889 tantamque
565 1833 654 1873 vim
683 1833 828 1874 morbi
857 1833 1040 1890 potione
1067 1832 1284 1874 medicata
1313 1832 1424 1876 leva-

64 1910 218 1944 turum
246 1918 334 1944 esse
371 1904 587 1960 promisit.
652 1904 772 1945 Nulli
803 1905 1070 1961 promissum
1103 1902 1192 1946 eius
1221 1905 1425 1963 placebat

18 1993 37 2022 3
69 1982 243 2032 praeter
285 1975 451 2031 ipsum,
489 1976 610 2017 cuius
653 1975 846 2032 periculo
889 1976 1192 2033 pollicebatur.
1258 1977 1423 2020 Omnia

69 2047 232 2104 quippe
266 2045 445 2096 facilius,
491 2063 624 2105 quam
662 2061 849 2099 moram,
880 2049 1049 2105 perpeti
1080 2055 1273 2106 poterat:
1303 2064 1424 2092 arma

70 2125 114 2160 et
153 2118 265 2159 acies
303 2120 348 2159 in
387 2119 521 2160 oculis
561 2126 707 2170 erant,
742 2127 786 2160 et
821 2119 1049 2161 victoriam
1077 2121 1122 2162 in
1154 2133 1205 2163 eo
1236 2122 1427 2179 positam

71 2205 160 2232 esse
190 2189 495 2240 arbitrabatur,
526 2192 559 2233 si
588 2198 763 2232 tantum
794 2199 894 2232 ante
923 2193 1041 2249 signa
1061 2200 1174 2237 stare
1200 2193 1427 2250 potuisset,

70 2262 118 2304 id
167 2261 336 2318 ipsum,
379 2264 499 2319 quod
546 2271 647 2320 post
683 2263 800 2304 diem
837 2263 1017 2306 tertium
1054 2264 1428 2308 medicamentum

73 2341 326 2389 sumpturus
355 2343 464 2376 esset
493 2335 570 2386 (ita
603 2335 721 2376 enim
750 2335 947 2378 medicus
983 2337 1276 2393 praedixerat)
1304 2350 1430 2394 aegre

22 2423 46 2448 4
76 2403 230 2447 ferens.
296 2408 416 2448 Inter
448 2406 558 2448 haec
602 2421 626 2447 a
652 2406 958 2456 Parmenione,
982 2407 1189 2451 fidissimo
1219 2422 1432 2467 purpura—

75 2483 237 2525 torum,
274 2477 438 2521 litteras
474 2477 645 2535 accipit,
676 2478 832 2538 quibus
860 2479 898 2521 ei
929 2477 1231 2528 denuntiabat,
1269 2494 1325 2523 ne
1368 2497 1432 2525 sa-

78 2624 98 2648 1
126 2630 318 2670 expetunt.
520 2626 541 2651 2
565 2637 597 2660 e.

1129 2689 1167 2730 B
