1703 2961
119 1228 166 1269 15

198 116 279 158 316
672 123 729 179 Q.
759 125 964 174 CURTu
988 132 1128 177 Ruri

196 241 313 278 nem,
348 230 577 286 oppidum,
607 244 739 292 caput
769 239 871 292 eius,
901 258 1064 287 corona
1095 247 1222 303 cepit.
1279 263 1334 292 XL
1357 254 1555 309 peditum
1587 273 1605 300 s

196 299 314 340 milia
361 315 464 357 gens
487 307 499 327 ¹
554 305 598 348 in
643 308 735 363 ripa
791 311 1023 358 fluminum
1081 331 1365 376 opposuerat:
1406 343 1516 384 quae
1533 332 1561 369 ².

196 385 325 412 amne
363 384 566 429 superato
605 378 648 420 in
685 381 834 438 fugam
869 388 1094 444 compulit,
1125 390 1400 451 inclusosque
1432 415 1553 442 moe-

193 442 321 484 nibus
351 456 576 503 expugnat.
629 450 820 496 Puberes
851 456 1070 503 interfecti
1101 470 1213 514 sunt,
1244 468 1377 509 ceteri
1408 472 1552 514 venie-

191 522 307 556 runt.
362 517 559 560 Alteram
589 521 747 566 deinde
777 526 933 569 urbem
965 546 1209 588 expugnare
1236 537 1429 590 adortus,
1459 558 1550 585 ma-
1582 553 1606 582 6

189 599 360 642 gnaque
402 589 440 629 vi
483 591 815 637 defendentium
854 600 1012 653 pulsus,
1055 605 1217 648 multos
1245 608 1551 658 Macedonum

190 656 343 698 amisit.
399 659 487 702 Sed
517 679 619 705 cum
650 666 694 707 in
727 667 953 714 obsidione
972 688 1295 731 perseverasset,
1329 686 1549 740 oppidani,

189 727 416 783 desperata
454 733 610 786 salute,
647 737 792 793 ignem
842 743 1066 788 subiecere
1108 751 1252 802 tectis,
1291 769 1334 795 se
1371 772 1548 814 quoque

187 813 239 840 ac
268 800 427 842 liberos
456 806 745 866 coniugesque
771 811 979 857 incendio
1013 829 1225 863 cremant.
1283 824 1418 879 Quod
1443 845 1545 871 cum
1579 845 1596 872 7

187 870 266 925 ipsi
298 883 516 928 augerent,
550 876 696 922 hostes
729 884 1043 940 extinguerent,
1070 907 1182 934 nova
1209 894 1353 938 forma
1374 913 1546 956 pugnae

186 950 293 988 crat,
359 944 581 991 Delcbant
618 952 790 996 incolae
828 958 1006 1010 urbem3
1048 961 1195 1006 hostes
1229 967 1546 1014 defendebant:

182 1014 292 1055 adeo
321 1016 453 1058 etiam
480 1029 662 1064 naturae
691 1024 782 1067 iura
813 1028 976 1072 bellurn
1004 1033 1048 1074 in
1080 1040 1351 1082 contrarium
1384 1052 1541 1086 mutat.

180 1087 270 1126 Arx
299 1095 392 1128 erat
417 1092 565 1147 oppidi
597 1095 770 1146 intacta,
802 1099 845 1139 in
875 1117 960 1158 qua
990 1107 1259 1160 praesidium
1293 1112 1541 1172 dereliquit:
1573 1131 1591 1158 8

179 1155 271 1213 ipsc
298 1159 467 1216 navigio
501 1165 819 1211 circumvectus
856 1181 919 1213 est
948 1190 1110 1219 arcem.

266 1228 442 1288 Quippe
475 1248 521 1274 111
547 1235 730 1280 flumina
760 1248 852 1283 tota
879 1245 1001 1286 India
1031 1258 1206 1304 praeter
1221 1253 1420 1312 Gangem
1449 1270 1542 1301 ma-

176 1301 291 1342 xima
333 1304 614 1349 munimento
649 1311 757 1353 arcis
795 1315 1018 1370 applicant
1057 1321 1206 1366 undas.
1278 1327 1318 1368 A
1357 1329 1539 1385 Septen-

176 1373 319 1414 trione
356 1376 489 1417 Indus
526 1378 657 1431 alluit,
699 1398 722 1423 a
761 1383 947 1428 Meridie
976 1389 1183 1435 Acesines
1210 1395 1404 1453 Hydaspi
1435 1417 1539 1444 con-

172 1445 387 1488 funditur.
457 1447 668 1493 Ceterum
704 1455 904 1498 amnium
945 1467 1128 1504 coetus³
1161 1468 1392 1512 maritimis
1420 1472 1536 1515 simi·
1566 1489 1587 1520 9

172 1517 233 1558 les
265 1518 424 1560 fluctus
451 1527 655 1573 movet34
689 1526 919 1585 multoque
960 1547 1010 1575 ac
1052 1537 1232 1580 turbido
1260 1540 1381 1590 limo,
1414 1546 1534 1600 quod

171 1605 386 1646 aquarum
417 1606 635 1635 concursu
674 1597 860 1641 subinde
892 1603 1110 1655 turbatur,
1137 1609 1229 1660 iter,
1264 1628 1348 1669 qua
1381 1625 1535 1659 meant

168 1660 350 1715 navigia,
378 1661 422 1702 in
449 1670 629 1706 tenuem
668 1667 840 1710 alveum
879 1675 1063 1731 cogitur.
1122 1681 1276 1738 Itaque
1305 1700 1407 1726 cum
1439 1703 1591 1731 cre-10

167 1731 236 1772 hri
268 1732 426 1774 fluetus
455 1749 499 1776 se
529 1735 796 1790 inveherent,
826 1749 870 1782 et
898 1747 1076 1789 navium
1108 1750 1210 1794 hinc
1238 1769 1404 1809 proras,
1426 1757 1529 1803 hinc

167 1803 302 1845 latera
325 1804 572 1861 pulsarent,
619 1810 866 1854 subducere
906 1826 1067 1861 nautae
1109 1823 1236 1864 vela‘
1274 1839 1527 1884 coeperunt.

168 1875 256 1917 Sed
298 1877 537 1919 ministeria
576 1895 731 1923 eorum
767 1883 871 1928 hinc
907 1893 1080 1939 metu,6
1122 1893 1225 1937 hinc
1266 1902 1527 1958 praerapida

168 1947 385 1989 celeritate
408 1948 644 1992 fluminum
664 1966 948 2014 occupantur.
990 1965 1043 2004 In
1066 1965 1201 2008 oculis
1235 1968 1485 2030 [omnium]
1506 1978 1524 2001 ⁷
1544 1993 1587 2016 11

167 2019 255 2060 duo
286 2020 452 2061 maiora
487 2023 655 2080 navigia
696 2027 923 2073 submersa
964 2043 1083 2085 sunt;
1123 2037 1297 2091 leviora,
1337 2059 1440 2086 cum
1481 2056 1525 2089 et

162 2234 245 2276 bus
288 2233 448 2278 intorta
495 2239 615 2281 navis
664 2242 838 2300 obliqua
885 2254 927 2287 et
977 2250 1258 2304 gubernaculi
1293 2256 1523 2313 impatiens

162 2305 386 2362 agebatur.
450 2310 545 2350 Iam
586 2319 753 2355 vestem
794 2316 1040 2362 detraxerat
1085 2327 1272 2382 corpori,
1303 2331 1584 2385 proiectu-12

162 2448 187 2488 1!
203 2448 304 2482 alia
328 2460 432 2493 genS.
600 2452 620 2478 2
648 2466 775 2500 quam.
949 2460 968 2490 3
996 2463 1131 2499 coitus.
1303 2471 1324 2502 4
1350 2481 1517 2509 movent.

251 2503 271 2530 5
291 2502 414 2537 abest.
625 2506 647 2532 ⁶
671 2509 734 2543 Sic
771 2511 878 2557 vulgo
913 2512 962 2547 de
987 2519 1144 2553 coniecc.
1171 2521 1282 2555 Libri
1305 2536 1389 2559 mas.
1419 2534 1516 2560 cetu.

251 2555 360 2589 Fore.
398 2562 528 2591 νθηίο.
775 2563 793 2590 7
833 2565 870 2600 V
871 2569 947 2600 ocis
968 2569 1100 2614 fidem
1130 2575 1322 2610 incertam
1347 2578 1521 2615 indicant

250 2608 423 2645 cancelli.
478 2610 603 2658 Vulgo
633 2625 722 2660 post
759 2617 905 2654 maiora
928 2625 1106 2668 ponitur.
1297 2630 1316 2659 8
1343 2633 1517 2668 vortices.
