1703 2961
118 1635 172 1674 28

213 141 293 186 140
656 140 713 197 Q.
747 140 952 184 CURTn
980 139 1123 183 Rom

207 261 376 316 Aegre¹
418 257 563 314 paruit
597 253 831 302 Artabazo,
870 260 914 296 et
957 266 1228 310 quamquam
1268 267 1446 295 movere
1484 266 1613 296 ca-13

207 340 292 373 stra
325 336 548 378 statuerat,
577 327 762 370 turbatis
792 335 942 368 tamen
969 325 1170 367 omniurn
1202 325 1369 375 animis,
1400 325 1559 367 eodem

207 405 250 444 in
290 402 391 444 loco
440 401 642 444 substitit.
711 400 800 441 Sed
844 399 1057 441 attonitus
1092 397 1306 438 maestitia
1350 397 1477 438 simul
1516 405 1561 439 et

206 475 509 531 desperatione
540 471 824 515 tabernaculo
867 485 910 512 se
941 469 1125 511 inclusit.
1168 470 1284 525 Ergo
1315 469 1359 510 in
1391 470 1552 519 castris,
1571 484 1620 510 14

205 564 316 605 quae
346 547 501 588 nullius
530 545 795 601 regebantur
823 542 1021 599 imperio,
1051 541 1154 582 varii
1185 543 1437 583 animorum
1464 557 1561 583 mo-

202 626 272 660 tus
313 627 448 667 erant,
488 634 569 660 nec
609 617 654 658 in
691 630 941 663 commune,
981 621 1030 654 ut
1067 621 1206 664 antea,
1237 614 1559 657 consulebatur.

201 691 301 732 Dux
340 692 616 734 Graecorum
668 688 858 729 militum
899 689 1066 729 Patron
1105 701 1226 727 arma
1265 701 1422 742 capere
1455 700 1554 727 suos
1571 698 1614 726 1⁵

200 763 340 812 iubet,
387 769 650 817 paratosque
697 775 786 801 esse
843 759 898 800 ad
956 759 1259 814 exequendum
1304 758 1555 814 imperium.

198 835 353 876 Persae
384 840 670 876 secesserant:
708 833 864 874 Bessus
905 846 1007 873 cum
1038 830 1285 872 Bactrianis
1316 838 1419 880 erat,
1447 837 1556 871 tem-
1575 836 1623 865 16

195 907 437 964 ptabatque
474 906 626 947 Persas
664 904 897 953 abducere,
938 904 1098 954 Bactra
1126 910 1169 944 et
1203 902 1393 944 intactae
1419 903 1555 959 regio-

195 980 261 1021 nis
297 979 552 1037 opulenta,²
601 976 817 1033 simulque
864 989 975 1032 quae
1026 975 1306 1016 manentibus
1341 975 1554 1016 instarent

194 1052 400 1108 pericula,
440 1058 675 1093 ostentans.
740 1048 974 1088 Persarum
1021 1048 1223 1089 omniurn
1265 1047 1420 1090 eadem
1460 1046 1552 1089 fere

192 1124 278 1167 suit
303 1140 398 1174 vox,
440 1123 561 1165 nefas
603 1137 692 1163 esse
731 1119 867 1162 deseri
907 1134 1067 1175 regem.
1130 1121 1248 1161 Inter
1285 1119 1395 1160 haec
1422 1120 1550 1160 Arta-

190 1197 322 1237 bazus
357 1196 562 1236 omnibus
612 1191 904 1249 imperatoriis
952 1191 1217 1247 fungebatur
1256 1191 1429 1233 officiis:
1479 1191 1546 1232 ille

189 1269 423 1310 Persarum
451 1264 733 1308 tabernacula
766 1263 1009 1313 circumire,
1022 1262 1203 1312 hortari,
1230 1278 1411 1304 monere
1428 1279 1546 1304 nunc

189 1341 389 1398 singulos,
431 1356 550 1381 nunc
591 1338 823 1381 universos,
855 1351 946 1377 non
979 1343 1079 1376 ante
1113 1335 1287 1383 destitit,
1321 1350 1453 1392 quarn
1483 1350 1546 1376 sa-

186 1414 240 1454 tis
269 1420 492 1455 constaret
520 1413 734 1468 imperata
767 1408 974 1449 facturos.
1028 1407 1155 1447 Idem
1185 1421 1310 1463 aegre
1341 1421 1363 1446 a
1395 1407 1545 1448 Dareo

185 1486 445 1543 impetravit,
487 1490 536 1528 ut
575 1482 724 1525 cibum
761 1486 957 1537 caperet,
997 1479 1282 1537 animumque
1314 1478 1446 1520 rebus
1472 1477 1546 1520 ad-

182 1558 420 1602 verteret.³

269 1617 329 1674 At
375 1631 533 1672 Bessus
582 1632 625 1668 et
667 1624 946 1666 Nabarzanes
996 1623 1100 1664 olim
1146 1623 1358 1679 agitatum
1406 1623 1590 1666 scelusx.

183 1704 337 1762 exequi
375 1707 586 1759 statuunt,
622 1697 742 1754 regni
783 1696 1017 1751 cupiditate
1057 1695 1247 1737 accensi:
1282 1696 1430 1738 Dareo
1467 1712 1540 1739 au-

180 1786 273 1820 tem
333 1772 546 1817 incolumi
601 1777 743 1812 tantas
800 1783 905 1825 opes
959 1781 1132 1824 sperare
1182 1782 1273 1808 non
1317 1776 1536 1824 poterant.

181 1850 359 1907 Quippe
399 1847 445 1888 in
485 1844 568 1886 illis
603 1842 803 1899 gentibus
840 1855 994 1897 regum
1032 1838 1184 1880 eximia
1223 1839 1424 1882 maiestas
1453 1849 1534 1882 est:
1567 1856 1587 1880 2

180 1923 236 1965 ad
271 1934 438 1962 nomen
473 1930 651 1974 quoque
695 1913 872 1954 barbari
913 1911 1204 1958 conveniunt,
1251 1918 1295 1952 et
1331 1912 1538 1966 pristinae

178 1993 401 2036 veneratio
443 1989 647 2030 fortunae
684 1985 880 2043 sequitur
918 1984 1158 2025 adversam.
1225 1983 1414 2024 Inflabat
1455 1984 1534 2025 im·
1567 2000 1585 2028 3

177 2068 274 2128 pios
314 2065 486 2107 animos
525 2060 657 2116 regio,
700 2056 767 2099 cui
810 2063 1066 2112 praeerant,
1105 2055 1237 2097 armis
1269 2055 1456 2112 virisque
1495 2064 1537 2100 et

177 2139 318 2197 spatio
355 2137 560 2178 locorum
600 2130 704 2172 nulli
747 2143 898 2169 earum
935 2128 1131 2184 gentium
1173 2128 1376 2169 secunda.
1428 2128 1531 2169 Ter-

174 2213 282 2254 tiam
310 2216 485 2265 partem
515 2204 642 2247 Asiae
681 2209 822 2243 tenet:
853 2200 1090 2241 multitudo
1122 2199 1345 2241 iuniorum
1374 2200 1533 2241 exerci-

175 2293 256 2333 tus,
287 2296 395 2340 quos
433 2278 639 2319 amiserat
666 2274 851 2321 Dareus,
892 2273 1119 2329 aequabat.
1181 2275 1334 2328 Itaque
1363 2287 1455 2313 non
1484 2271 1530 2313 il-
1561 2294 1585 2318 4

174 2359 267 2399 lum
307 2351 460 2397 modo,
497 2349 571 2390 sed
604 2347 736 2389 etiam
774 2344 1070 2387 Alexandrum
1107 2344 1384 2400 spernebant,
1430 2344 1532 2387 inde

172 2430 283 2471 vires
311 2421 482 2480 imperii
522 2418 761 2476 repetituri,
797 2418 830 2459 si
871 2415 1060 2473 regionis
1100 2415 1233 2473 potiri
1266 2416 1528 2473 contigisset.

173 2551 191 2577 1
217 2549 280 2584 De
305 2547 549 2580 coniectura:
587 2541 695 2586 vulgo
721 2551 743 2574 a
767 2549 866 2585 rege.
917 2539 973 2572 Ea
995 2549 1047 2572 re.
1226 2541 1248 2574 2
1274 2538 1526 2584 opulentiam.

263 2602 281 2629 3
307 2600 369 2634 De
393 2600 551 2631 coniecc.
579 2593 695 2628 codd.
724 2594 822 2639 regis
846 2592 1066 2628 adverteret.
1095 2592 1222 2638 Vulgo
1250 2594 1388 2626 omisso
1414 2591 1526 2626 verbo

261 2649 508 2692 adverteret.-
535 2648 785 2694 animumque
808 2647 918 2694 regis.
