1703 2961
255 107 335 154 154
700 108 756 163 Q.
791 105 998 151 CURTu
1025 109 1167 152 Rom

251 223 394 256 amicus
419 221 547 259 fuerit,
573 225 610 252 et
636 219 751 253 deum
775 229 856 254 esse
869 220 1126 255 Alexandrum
1153 229 1262 268 aegre
1287 234 1416 269 passus
1440 225 1500 259 sit.
1527 223 1611 271 (40)

249 285 368 319 Patris
396 285 565 328 denique
592 281 695 315 senis
721 280 918 316 fortunam
940 282 1150 325 miseratur,
1173 290 1210 317 et
1243 284 1292 318 de
1316 285 1452 332 iniqua
1474 286 1612 320 condi-

248 346 362 378 cione
387 345 467 378 sive
492 343 704 383 indicandi,
728 342 807 376 sive
837 344 1001 382 tacendi,
1027 355 1126 389 quae
1151 345 1199 378 ad
1220 347 1316 391 regis
1339 347 1500 381 salutem
1525 358 1610 395 per-

248 403 408 447 tineant,
433 407 616 452 queritur.
674 402 757 450 (41)
792 405 936 439 Contio
971 417 993 439 a
1016 406 1169 440 Boione
1198 407 1366 452 quodam
1390 409 1551 443 incitata
1575 416 1611 442 et

247 468 445 506 admonita
467 467 684 513 superbiae,
719 477 797 512 quo
826 466 998 501 Philotas
1033 469 1128 501 olim
1163 480 1250 502 usus
1285 475 1374 507 erat,
1411 471 1612 517 capitisil-

245 531 328 569 lum
353 529 586 563 condemnat
652 525 734 569 (42)
772 527 913 561 Verum
951 529 1143 574 supplicio
1175 530 1217 563 in
1250 538 1447 576 posterum
1478 531 1610 572 dilato.

245 601 311 625 tex
335 590 383 624 de
409 590 621 624 amicorum
658 588 851 623 sententia
881 589 1072 623 Philotam
1104 591 1272 636 torqueri
1300 592 1418 627 iubet.
1466 593 1514 627 Et
1536 594 1612 639 pri-

246 664 349 687 mum
382 651 449 685 ille
484 651 635 684 fortiter
670 651 846 684 dolorem
882 649 974 692 fert,
1016 651 1158 685 deinde
1186 653 1372 687 laceratus
1408 655 1539 688 omnia
1571 664 1612 688 se

246 713 509 748 confessurum
532 711 733 757 promittit.
783 706 949 746 Interim¹
968 713 1296 748 nobilissimorum
1325 715 1498 761 equitum
1521 715 1611 762 suga

243 774 298 817 fit,
324 775 450 809 donec
476 773 694 808 Alexander
725 779 893 806 veterem
925 773 1049 818 legem
1077 774 1124 808 de
1149 777 1344 822 supplicio
1368 777 1611 823 propinquo-

243 849 328 870 rum
353 847 392 870 se
415 835 608 869 remittere
627 834 758 868 edixit.
807 831 889 878 (43)
908 833 1122 869 Confitetur
1145 837 1326 879 Philotas,
1346 838 1611 884 Hegelochum

245 898 340 932 olim
366 897 565 930 tribunum
589 896 762 942 equitum
794 895 1042 930 Parmenioni
1079 898 1230 944 sibique
1256 907 1452 933 auctorem
1477 901 1609 944 fuisse,

232 971 362 1004 regem
390 958 600 992 divinitatis
637 968 751 992 causa
775 957 942 991 invisum
975 958 1243 1003 interimendi,
1285 971 1369 994 eam
1402 971 1492 995 vero
1519 973 1612 1003 rem,

234 1021 360 1056 donec
395 1020 534 1054 Darius
577 1020 619 1053 in
660 1019 755 1052 vivis
797 1026 912 1061 esset,
957 1019 1115 1054 dilatam
1149 1033 1240 1056 esse.
1316 1022 1492 1069 Cumque
1536 1023 1609 1058 ini-

242 1085 297 1118 tio
323 1083 422 1116 nihil
455 1094 494 1115 se
531 1093 617 1114 cum
652 1080 798 1114 Dimno
833 1092 1038 1115 commune
1072 1082 1216 1116 habere
1254 1084 1432 1125 dixisset,
1474 1091 1609 1130 postea

244 1145 359 1178 etiam
384 1143 461 1176 hoc
486 1142 670 1188 agnoscit,
705 1141 772 1176 sed
806 1149 952 1187 patrem
978 1143 1272 1178 Parmenionem
1297 1146 1433 1191 culpae
1461 1145 1605 1180 eximit.

243 1203 326 1250 (114)
356 1205 512 1238 Postero
539 1204 601 1237 die
627 1204 669 1237 in
694 1203 879 1237 contione
905 1203 1021 1237 etiam
1047 1205 1245 1239 Demetrio
1269 1213 1304 1239 et
1327 1206 1411 1240 Cali
1438 1206 1607 1252 quodam

242 1267 442 1308 convictis,
479 1265 712 1311 supplicium
750 1271 898 1298 vetusto
941 1275 1047 1298 more
1087 1265 1134 1299 de
1181 1267 1387 1300 coniuratis
1429 1267 1604 1302 sumitur.

241 1329 393 1374 (Anno,
420 1337 464 1362 uc
485 1325 655 1370 videtur,
675 1339 703 1359 a
728 1326 818 1360 Clzr.
844 1330 925 1365 329.
953 1329 1171 1371 incipiente,
1197 1328 1349 1374 Olsmp.
1378 1332 1460 1372 112,
1484 1330 1542 1370 3.)

287 1452 408 1495 [Dum
441 1462 485 1484 ea
508 1462 577 1497 per
596 1450 722 1484 Asiam
749 1455 942 1495 geruntur,
967 1459 1015 1481 ne
1042 1449 1083 1482 in
1109 1449 1272 1483 Graecia
1297 1451 1455 1495 quidem
1482 1451 1607 1486 Mace-

240 1515 436 1559 doniaque
471 1512 702 1557 tranquillae
730 1522 786 1544 res
818 1509 938 1543 fuere.
993 1511 1195 1556 Regnabat
1227 1512 1328 1557 apud
1352 1512 1608 1546 Lacedaemo-

240 1576 326 1609 nios
350 1575 435 1620 Agis
458 1573 676 1608 Archidami
711 1571 823 1608 filius.
852 1572 917 1616 qui
952 1571 1172 1605 Tarentinis
1206 1585 1319 1619 opem
1347 1573 1472 1608 ferens
1510 1575 1606 1609 ceci-

241 1638 360 1675 derat,
387 1636 524 1670 eodem
551 1635 612 1668 die
642 1645 717 1679 quo
753 1633 950 1679 Philippus
982 1634 1234 1668 Athenienses
1261 1635 1309 1669 ad
1338 1635 1605 1669 Chaeroneam

239 1700 344 1737 vicit.
393 1700 426 1732 Is
453 1697 659 1732 Alexandri
691 1707 759 1742 per
782 1695 961 1727 virtutem
988 1697 1171 1733 aemulus,
1201 1696 1300 1729 cives
1325 1709 1412 1731 suos
1436 1698 1605 1731 stimula·

239 1762 316 1803 bat,
346 1772 394 1794 ne
430 1759 634 1793 Graeciam
668 1756 846 1791 servitute
877 1756 1138 1790 Macedonum
1172 1756 1311 1790 diutius
1343 1759 1466 1803 premi
1498 1767 1603 1805 pate·

239 1831 389 1857 rentur:
424 1822 499 1856 nisi
531 1821 573 1855 in
609 1828 783 1866 tempore
816 1818 1087 1863 providerent,
1116 1819 1218 1851 idem
1253 1818 1384 1862 iugum
1420 1820 1468 1853 ad
1500 1821 1602 1866 ipsos

236 1886 482 1920 transiturum
509 1893 600 1916 esse.
648 1880 911 1916 Annitendum
934 1881 1062 1925 igitur,
1089 1881 1178 1913 dum
1203 1880 1354 1925 aliquae
1370 1880 1495 1914 adhuc
1517 1882 1602 1915 Per-

237 1949 286 1982 sis
301 1947 360 1980 ,ad
392 1945 642 1980 resistendum
675 1944 771 1977 vires
808 1949 951 1975 essent:
987 1941 1062 1974 illis
1097 1943 1293 1987 oppressis,
1328 1942 1503 1976 adversus
1533 1943 1600 1977 im-

239 2020 392 2044 manem
427 2007 642 2053 potentiam
682 2005 820 2039 frustra
856 2003 978 2037 avitae
1010 2004 1195 2037 libertatis
1229 2015 1415 2038 memores
1440 2005 1600 2038 futuros.

239 2073 303 2106 Sic
331 2069 522 2104 instinctis
548 2067 699 2108 animis,
730 2065 973 2099 occasionem
1003 2066 1093 2098 belli
1122 2078 1167 2098 ex
1192 2066 1399 2099 commodo
1421 2075 1604 2113 coeptan-

239 2134 277 2167 di
303 2130 676 2176 circumspiciebant.
725 2126 839 2172 Igitur
864 2126 1048 2161 felicitate
1083 2127 1302 2160 Memnonis
1329 2114 1601 2165 invitatiscon-

236 2196 325 2230 silia
351 2206 437 2227 cum
462 2192 545 2238 ipso
574 2191 731 2224 miseere
759 2189 919 2234 aggressi
945 2196 1051 2229 sunu
1089 2195 1126 2221 et
1150 2196 1353 2234 postquam
1381 2189 1447 2222 ille
1475 2200 1601 2223 rerum

236 2258 423 2291 laetarum
443 2253 556 2287 initia
593 2250 859 2296 intempestiva
885 2258 1005 2284 morte
1038 2250 1219 2293 destituit,
1255 2249 1379 2283 nihilo
1412 2251 1601 2284 remissius

237 2319 413 2362 agebant.
470 2314 547 2349 Sed
580 2313 628 2347 ad
662 2313 946 2346 Pharnabazum
985 2321 1021 2345 et
1056 2311 1370 2357 Autophradaten
1407 2313 1600 2358 profectus

235 2361 334 2425 Agis.
359 2378 515 2423 triginta
548 2375 692 2418 argenti
727 2376 880 2415 talenta,
918 2374 1128 2419 decemque
1169 2374 1338 2406 triremes
1371 2374 1602 2420 impetravit,

239 2453 331 2488 quas
356 2439 545 2485 Agesilao*
567 2437 673 2470 fratri
706 2437 820 2478 misit,
854 2442 894 2469 ut
927 2436 970 2469 in
1004 2438 1151 2471 Cretam
1178 2436 1385 2479 navigaret,
1410 2437 1516 2469 cuius
1541 2437 1597 2469 in-

238 2505 343 2538 sulae
363 2502 526 2535 cultores
549 2499 650 2532 inter
673 2497 1000 2532 Lacedaemonios
1035 2504 1071 2531 et
1095 2498 1325 2530 Macedonas
1351 2497 1505 2531 diversis
1523 2504 1596 2530 stu-

238 2564 311 2599 diis
338 2560 656 2596 distrahebantur.
706 2559 836 2604 Legati
853 2569 1009 2604 quoque
1033 2558 1078 2591 ad
1099 2559 1257 2592 Darium
1284 2559 1385 2592 missi
1412 2566 1510 2599 sunt,
1532 2560 1597 2604 qui

238 2627 281 2663 'ut
309 2637 417 2660 usum
446 2622 538 2657 belli
561 2622 788 2667 ampliorem
819 2621 898 2655 vim
922 2621 1112 2666 pecuniae
1136 2622 1341 2668 pluresque
1363 2631 1477 2655 naves
1494 2628 1597 2666 pete—
