1703 2961
261 182 343 224 260
734 175 788 232 Q.
819 176 1019 219 CURTn
1047 175 1186 217 RUFI

1700 0 1703 62 l

1700 167 1703 251 l

268 302 359 340 tan,
390 290 462 333 sed
496 288 579 330 fida
618 296 766 330 tamen
800 296 948 330 mente
980 288 1198 329 suasisset:
1236 287 1287 328 de
1329 293 1474 328 cetero
1503 285 1617 326 futu·
1700 262 1703 346 l

271 380 368 407 ram
407 365 452 404 in
488 362 566 402 viri
604 368 834 418 potestate.
905 361 1199 416 Spitamenes,
1235 357 1434 398 simulato
1467 363 1617 413 captus
1649 370 1668 398 8
1699 351 1703 407 ,ἶ

270 436 494 493 obsequio,
526 433 580 474 de
627 433 696 474 die
735 431 978 474 convivium
1029 430 1226 487 apparari
1257 428 1618 484 iubentiumque
1700 410 1703 464 l

271 516 315 550 ct
354 507 487 562 epulis
524 505 686 561 gravis,
739 499 1027 545 semisomnus
1078 501 1120 541 in
1167 500 1418 541 cubiculum
1458 498 1618 541 fertur.
1699 469 1703 580 Ι

272 580 419 635 Quem
461 584 507 618 ut
555 575 644 617 alto
697 583 739 616 et
780 574 894 632 gravi
931 587 1087 615 somno
1127 573 1321 628 sopitum
1359 586 1449 612 esse
1490 571 1621 612 sensit
1653 582 1703 658 9¹

274 666 394 699 uxor,
437 647 643 706 gladium,
680 661 812 702 quem
845 653 960 688 veste
1000 643 1306 694 occultaverat,
1346 643 1526 699 stringit,
1555 657 1621 684 ca-

275 730 442 780 putque
485 719 573 759 eius
615 717 877 765 abscisum,¹
924 731 1080 759 cruore
1121 730 1336 772 respersa,
1379 730 1501 757 servo
1542 729 1620 755 suo

218 793 459 836 12conscio
496 789 702 834 facinoris
737 787 885 830 tradit.
955 787 1128 828 Eodem
1172 789 1427 834 comitante,
1462 786 1687 828 sicuti²10

279 872 382 914 erat,
421 869 602 905 cruenta
643 867 774 911 veste,
812 860 856 901 in
891 859 1192 901 Macedonum
1233 868 1372 902 castra
1414 858 1623 915 pervenit,

276 935 557 992 nuntiarique
597 931 845 974 Alexandro
884 930 1015 979 iubet,
1059 946 1159 981 esse,
1201 946 1311 987 quae
1353 946 1403 972 ex
1434 931 1523 987 ipsa
1558 931 1628 972 de-

278 1010 403 1051 beret
439 1004 722 1062 agnoscere.³
793 1002 865 1044 Ille
901 1002 1103 1058 protinus
1137 1003 1373 1044 barbaram
1411 1001 1531 1043 iussit
1558 1001 1697 1042 ad-1r

279 1079 404 1121 mitti.
469 1078 617 1132 Quam
654 1082 704 1115 ut
740 1075 1022 1130 respersam4
1060 1089 1215 1115 cruore
1244 1074 1480 1131 conspexit,
1507 1081 1629 1114 ratus

281 1153 335 1193 ad
382 1147 695 1205 deplorandam
744 1145 1058 1188 contumeliam
1102 1146 1286 1195 venisse,
1336 1146 1480 1187 dicere
1517 1161 1628 1202 quae

281 1223 411 1265 vellet
455 1221 588 1262 iubet.
649 1219 708 1260 At
735 1218 803 1258 illa
846 1232 1031 1265 servum,
1071 1233 1202 1273 quem
1231 1219 1275 1258 in
1303 1218 1514 1259 vestibulo
1547 1226 1690 1259 sta-12

281 1296 360 1336 re⁵
410 1293 602 1339 iusserat,
638 1289 861 1330 introduci
899 1289 1171 1330 desideravit.
1242 1289 1330 1344 Qui
1369 1291 1468 1347 quia
1498 1297 1631 1346 caput

282 1362 546 1422 Spitamenis
587 1367 702 1402 veste
745 1367 912 1402 tectum
941 1359 1145 1408 habebat,
1187 1369 1407 1416 suspectus
1437 1369 1630 1403 scrutan-

280 1436 396 1478 tibus
428 1433 532 1492 quid
565 1432 787 1473 occuleret
815 1432 1016 1473 ostendit.
1068 1431 1343 1474 Confuderat
1375 1433 1460 1473 oris
1493 1446 1688 1474 exsan-zz

281 1508 374 1565 guis
409 1512 536 1548 notas
571 1504 726 1561 pallor,
761 1518 843 1544 nec
880 1503 972 1559 quis
1008 1511 1119 1545 esset
1156 1505 1276 1546 nosci
1316 1504 1416 1545 satis
1441 1511 1630 1560 poterat.

283 1581 399 1635 Ergo
428 1593 500 1618 rex
531 1577 688 1617 certior
705 1575 856 1624 sactus,
885 1573 1133 1616 humanum
1167 1584 1299 1632 caput
1330 1575 1487 1616 afferre
1518 1592 1632 1625 eum,

284 1649 568 1692 tabernaculo
599 1647 789 1693 excessit,
826 1653 1197 1703 percontatusque
1229 1647 1335 1704 quid
1374 1647 1435 1688 rei
1467 1648 1533 1694 sit,
1563 1648 1631 1688 illo

281 1721 517 1779 profitente
557 1718 792 1774 cognoscit.
858 1717 1016 1757 Variae
1052 1717 1155 1758 hinc
1203 1718 1487 1774 cogitationes
1527 1719 1686 1760 invi-14

285 1809 382 1835 cem
413 1793 610 1833 animum
640 1790 802 1830 diversa
833 1789 1072 1844 agitantem
1105 1797 1451 1831 commoverant.
1506 1791 1634 1832 Mori-

285 1872 379 1906 tum
417 1863 565 1919 ingens
603 1862 647 1902 in
686 1869 823 1902 semet
871 1875 960 1900 esse
998 1860 1225 1911 credebat,
1265 1862 1383 1918 quod
1415 1862 1635 1918 transfuga

286 1943 329 1977 et
365 1935 589 1991 proditor,
628 1935 759 1974 tantis
784 1932 934 1982 rebus,
975 1932 1008 1973 si
1049 1932 1235 1982 vixisset,
1267 1933 1505 1974 iniecturus
1543 1949 1638 1974 mo-

284 2022 394 2056 ram,
431 2004 686 2046 interfectus
722 2012 856 2045 esset:
897 2010 1050 2045 contra
1087 2003 1256 2046 facinus
1294 2005 1444 2060 ingens
1473 2020 1636 2046 aversa-

286 2079 428 2128 batur,
473 2092 574 2118 cum
619 2075 783 2129 optime
823 2076 1032 2117 meritum
1071 2075 1124 2117 de
1165 2077 1280 2132 ipsa,
1331 2078 1636 2118 communium

285 2157 514 2207 parentem
551 2148 788 2196 liberum‚⁶
828 2161 909 2203 per
942 2147 1115 2188 insidias
1157 2149 1454 2190 interemisset.
1514 2149 1683 2192 Vicitn

286 2231 436 2262 tamen
463 2220 646 2277 gratiam
677 2219 819 2260 meriti
845 2219 1016 2260 sceleris
1053 2221 1275 2267 atrocitas,
1304 2220 1637 2277 denuntiarique

287 2293 418 2342 iussit,
468 2300 516 2333 ut
563 2291 790 2333 excederet
838 2290 1007 2339 castris,
1052 2305 1139 2330 neu
1187 2292 1386 2333 licentiae
1427 2292 1637 2333 barbarae

285 2364 505 2420 exemplar
530 2364 574 2404 in
604 2361 878 2403 Graecorum
908 2376 1054 2403 mores
1085 2370 1128 2403 et
1152 2364 1275 2405 mitia
1305 2364 1473 2419 ingenia
1502 2372 1638 2405 trans-

284 2435 431 2476 ferret.

283 2542 315 2550 ,ο

283 2601 299 2625 1
327 2601 548 2633 abscissum.
676 2600 696 2624 ²
721 2601 829 2633 sieut.
947 2601 967 2630 3
997 2612 1240 2647 cognoscere.
1359 2604 1381 2635 4
1404 2605 1632 2651 adspersam.

369 2655 388 2681 5
413 2661 510 2686 stare
536 2654 576 2686 in
603 2654 804 2687 vestibulo.
1010 2654 1030 2679 ⁶
1055 2655 1277 2690 liberorum.
