<?xml version="1.0" encoding="UTF-8"?>
<!DOCTYPE html PUBLIC "-//W3C//DTD XHTML 1.0 Transitional//EN"
    "http://www.w3.org/TR/xhtml1/DTD/xhtml1-transitional.dtd">
<html xmlns="http://www.w3.org/1999/xhtml" xml:lang="en" lang="en">
 <head>
  <title>
</title>
<meta http-equiv="Content-Type" content="text/html;charset=utf-8" />
  <meta name='ocr-system' content='tesseract 3.04.00' />
  <meta name='ocr-capabilities' content='ocr_page ocr_carea ocr_par ocr_line ocrx_word'/>
</head>
<body>
  <div class='ocr_page' id='page_1' title='image "./degestisalexandr00curtuoft_0121.png"; bbox 0 0 1703 2961; ppageno 0'>
   <div class='ocr_carea' id='block_1_1' title="bbox 432 159 1483 221">
    <p class='ocr_par' dir='ltr' id='par_1_1' title="bbox 432 159 1483 221">
     <span class='ocr_line' id='line_1_1' title="bbox 432 159 1483 221; baseline -0.019 1"><span class='ocrx_word' id='word_1_1' title='bbox 432 178 514 221; x_wconf 89' lang='lat' dir='ltr'><strong>DE</strong></span> <span class='ocrx_word' id='word_1_2' title='bbox 555 172 764 218; x_wconf 87' lang='lat' dir='ltr'>GESTIS</span> <span class='ocrx_word' id='word_1_3' title='bbox 803 169 970 212; x_wconf 85' lang='lat' dir='ltr'><strong>ALEX.</strong></span> <span class='ocrx_word' id='word_1_4' title='bbox 1001 166 1074 215; x_wconf 90' lang='lat' dir='ltr'><strong>lV,</strong></span> <span class='ocrx_word' id='word_1_5' title='bbox 1103 163 1171 207; x_wconf 77' lang='lat'><strong>36.</strong></span> <span class='ocrx_word' id='word_1_6' title='bbox 1430 159 1483 204; x_wconf 83' lang='lat'><strong>77</strong></span> 
     </span>
    </p>
   </div>
   <div class='ocr_carea' id='block_1_2' title="bbox 71 271 1570 2576">
    <p class='ocr_par' dir='ltr' id='par_1_2' title="bbox 127 271 1488 354">
     <span class='ocr_line' id='line_1_2' title="bbox 127 271 1488 354; baseline -0.021 -14"><span class='ocrx_word' id='word_1_7' title='bbox 127 303 172 340; x_wconf 86' lang='lat' dir='ltr'><strong>et</strong></span> <span class='ocrx_word' id='word_1_8' title='bbox 206 308 286 354; x_wconf 88' lang='lat' dir='ltr'><strong>per</strong></span> <span class='ocrx_word' id='word_1_9' title='bbox 323 292 413 334; x_wconf 82' lang='lat' dir='ltr'><strong>dies</strong></span> <span class='ocrx_word' id='word_1_10' title='bbox 449 289 665 347; x_wconf 91' lang='lat' dir='ltr'><strong>quinque,</strong></span> <span class='ocrx_word' id='word_1_11' title='bbox 701 284 814 326; x_wconf 85' lang='lat' dir='ltr'><strong>sicut</strong></span> <span class='ocrx_word' id='word_1_12' title='bbox 856 288 956 322; x_wconf 81' lang='lat' dir='ltr'><strong>ante</strong></span> <span class='ocrx_word' id='word_1_13' title='bbox 995 276 1279 334; x_wconf 83' lang='lat' dir='ltr'><strong>Euphraten,</strong></span> <span class='ocrx_word' id='word_1_14' title='bbox 1315 271 1488 314; x_wconf 82' lang='lat' dir='ltr'><strong>traiecit</strong></span> 
     </span>
    </p>

    <p class='ocr_par' dir='ltr' id='par_1_3' title="bbox 73 342 1499 927">
     <span class='ocr_line' id='line_1_3' title="bbox 73 342 1491 413; baseline -0.021 0"><span class='ocrx_word' id='word_1_15' title='bbox 73 366 383 413; x_wconf 76' lang='lat' dir='ltr'><strong>mexercitum.</strong></span> <span class='ocrx_word' id='word_1_16' title='bbox 450 361 557 404; x_wconf 91' lang='lat' dir='ltr'><strong>Inde</strong></span> <span class='ocrx_word' id='word_1_17' title='bbox 590 357 810 413; x_wconf 71' lang='lat' dir='ltr'><strong>octoginta</strong></span> <span class='ocrx_word' id='word_1_18' title='bbox 852 352 944 395; x_wconf 84' lang='lat' dir='ltr'><strong>sere</strong></span> <span class='ocrx_word' id='word_1_19' title='bbox 973 349 1109 392; x_wconf 88' lang='lat' dir='ltr'><strong>stadia</strong></span> <span class='ocrx_word' id='word_1_20' title='bbox 1139 360 1403 404; x_wconf 78' lang='lat' dir='ltr'><strong>progressus,</strong></span> <span class='ocrx_word' id='word_1_21' title='bbox 1433 342 1491 384; x_wconf 89' lang='lat' dir='ltr'><strong>ad</strong></span> 
     </span>
     <span class='ocr_line' id='line_1_4' title="bbox 129 423 1493 483; baseline -0.021 0"><span class='ocrx_word' id='word_1_22' title='bbox 129 440 316 483; x_wconf 89' lang='lat' dir='ltr'><strong>alterum</strong></span> <span class='ocrx_word' id='word_1_23' title='bbox 354 448 545 482; x_wconf 89' lang='lat' dir='ltr'><strong>amnem,</strong></span> <span class='ocrx_word' id='word_1_24' title='bbox 583 428 817 482; x_wconf 86' lang='lat' dir='ltr'>(Boumelo</span> <span class='ocrx_word' id='word_1_25' title='bbox 846 429 857 449; x_wconf 90' lang='lat'><strong>¹</strong></span> <span class='ocrx_word' id='word_1_26' title='bbox 900 437 1066 466; x_wconf 87' lang='lat' dir='ltr'><strong>nomen</strong></span> <span class='ocrx_word' id='word_1_27' title='bbox 1100 423 1195 471; x_wconf 85' lang='lat' dir='ltr'><strong>est‚)</strong></span> <span class='ocrx_word' id='word_1_28' title='bbox 1238 425 1377 460; x_wconf 87' lang='lat' dir='ltr'><strong>castra</strong></span> <span class='ocrx_word' id='word_1_29' title='bbox 1412 430 1493 473; x_wconf 87' lang='lat' dir='ltr'><strong>po-</strong></span> 
     </span>
     <span class='ocr_line' id='line_1_5' title="bbox 130 487 1495 566; baseline -0.021 -11"><span class='ocrx_word' id='word_1_30' title='bbox 130 513 227 555; x_wconf 84' lang='lat' dir='ltr'>suit.</span> <span class='ocrx_word' id='word_1_31' title='bbox 288 509 556 566; x_wconf 87' lang='lat' dir='ltr'>Opportuna</span> <span class='ocrx_word' id='word_1_32' title='bbox 595 498 861 558; x_wconf 83' lang='lat' dir='ltr'>explicandis</span> <span class='ocrx_word' id='word_1_33' title='bbox 902 495 1038 552; x_wconf 90' lang='lat' dir='ltr'><strong>copiis</strong></span> <span class='ocrx_word' id='word_1_34' title='bbox 1071 491 1188 548; x_wconf 76' lang='lat' dir='ltr'><strong>regio</strong></span> <span class='ocrx_word' id='word_1_35' title='bbox 1232 496 1337 539; x_wconf 87' lang='lat' dir='ltr'><strong>erat,</strong></span> <span class='ocrx_word' id='word_1_36' title='bbox 1377 487 1495 545; x_wconf 92' lang='lat' dir='ltr'><strong>equi-</strong></span> 
     </span>
     <span class='ocr_line' id='line_1_6' title="bbox 130 561 1496 631; baseline -0.02 -5"><span class='ocrx_word' id='word_1_37' title='bbox 130 583 272 627; x_wconf 83' lang='lat' dir='ltr'><strong>tabilis</strong></span> <span class='ocrx_word' id='word_1_38' title='bbox 310 587 354 622; x_wconf 85' lang='lat' dir='ltr'><strong>et</strong></span> <span class='ocrx_word' id='word_1_39' title='bbox 391 584 509 620; x_wconf 81' lang='lat' dir='ltr'><strong>vasta</strong></span> <span class='ocrx_word' id='word_1_40' title='bbox 548 573 759 631; x_wconf 80' lang='lat' dir='ltr'><strong>planities.</strong></span> <span class='ocrx_word' id='word_1_41' title='bbox 823 571 890 612; x_wconf 71' lang='lat' dir='ltr'><strong>Ne</strong></span> <span class='ocrx_word' id='word_1_42' title='bbox 931 569 1085 624; x_wconf 86' lang='lat' dir='ltr'><strong>stirpes</strong></span> <span class='ocrx_word' id='word_1_43' title='bbox 1113 563 1294 622; x_wconf 88' lang='lat' dir='ltr'><strong>quidem</strong></span> <span class='ocrx_word' id='word_1_44' title='bbox 1324 567 1368 602; x_wconf 83' lang='lat' dir='ltr'><strong>et</strong></span> <span class='ocrx_word' id='word_1_45' title='bbox 1398 561 1496 601; x_wconf 89' lang='lat' dir='ltr'><strong>bre-</strong></span> 
     </span>
     <span class='ocr_line' id='line_1_7' title="bbox 132 641 1498 710; baseline -0.018 -13"><span class='ocrx_word' id='word_1_46' title='bbox 132 656 199 698; x_wconf 89' lang='lat' dir='ltr'><strong>via</strong></span> <span class='ocrx_word' id='word_1_47' title='bbox 235 651 416 710; x_wconf 78' lang='lat' dir='ltr'><strong>virgulta</strong></span> <span class='ocrx_word' id='word_1_48' title='bbox 450 648 657 706; x_wconf 87' lang='lat' dir='ltr'><strong>operiunt</strong></span> <span class='ocrx_word' id='word_1_49' title='bbox 686 644 851 690; x_wconf 88' lang='lat' dir='ltr'><strong>solum,</strong></span> <span class='ocrx_word' id='word_1_50' title='bbox 883 641 1079 697; x_wconf 81' lang='lat' dir='ltr'><strong>liberque</strong></span> <span class='ocrx_word' id='word_1_51' title='bbox 1108 641 1368 695; x_wconf 83' lang='lat' dir='ltr'><strong>prospectus</strong></span> <span class='ocrx_word' id='word_1_52' title='bbox 1394 648 1498 674; x_wconf 90' lang='lat' dir='ltr'><strong>ocu-</strong></span> 
     </span>
     <span class='ocr_line' id='line_1_8' title="bbox 133 705 1498 773; baseline -0.018 -3"><span class='ocrx_word' id='word_1_53' title='bbox 133 729 280 770; x_wconf 90' lang='lat' dir='ltr'><strong>lorum</strong></span> <span class='ocrx_word' id='word_1_54' title='bbox 322 723 456 765; x_wconf 86' lang='lat' dir='ltr'><strong>etiam</strong></span> <span class='ocrx_word' id='word_1_55' title='bbox 495 720 550 762; x_wconf 92' lang='lat' dir='ltr'><strong>ad</strong></span> <span class='ocrx_word' id='word_1_56' title='bbox 589 734 654 766; x_wconf 83' lang='lat' dir='ltr'><strong>ea,</strong></span> <span class='ocrx_word' id='word_1_57' title='bbox 681 719 700 742; x_wconf 88' lang='lat'>²</span> <span class='ocrx_word' id='word_1_58' title='bbox 733 731 843 773; x_wconf 83' lang='lat' dir='ltr'><strong>quae</strong></span> <span class='ocrx_word' id='word_1_59' title='bbox 871 711 1028 770; x_wconf 91' lang='lat' dir='ltr'><strong>procul</strong></span> <span class='ocrx_word' id='word_1_60' title='bbox 1057 723 1287 755; x_wconf 86' lang='lat' dir='ltr'><strong>recessere,</strong></span> <span class='ocrx_word' id='word_1_61' title='bbox 1318 705 1498 763; x_wconf 84' lang='lat' dir='ltr'><strong>permit-</strong></span> 
     </span>
     <span class='ocr_line' id='line_1_9' title="bbox 133 776 1499 852; baseline -0.018 -10"><span class='ocrx_word' id='word_1_62' title='bbox 133 800 255 843; x_wconf 87' lang='lat' dir='ltr'><strong>titur.</strong></span> <span class='ocrx_word' id='word_1_63' title='bbox 313 798 466 852; x_wconf 87' lang='lat' dir='ltr'><strong>Itaque</strong></span> <span class='ocrx_word' id='word_1_64' title='bbox 498 792 531 834; x_wconf 87' lang='lat' dir='ltr'><strong>si</strong></span> <span class='ocrx_word' id='word_1_65' title='bbox 563 805 649 848; x_wconf 89' lang='lat' dir='ltr'><strong>qua</strong></span> <span class='ocrx_word' id='word_1_66' title='bbox 680 788 825 844; x_wconf 91' lang='lat' dir='ltr'><strong>campi</strong></span> <span class='ocrx_word' id='word_1_67' title='bbox 858 784 1127 830; x_wconf 83' lang='lat' dir='ltr'><strong>eminebant,</strong></span> <span class='ocrx_word' id='word_1_68' title='bbox 1156 780 1279 822; x_wconf 89' lang='lat' dir='ltr'><strong>iussit</strong></span> <span class='ocrx_word' id='word_1_69' title='bbox 1307 776 1499 836; x_wconf 88' lang='lat' dir='ltr'><strong>aequari,</strong></span> 
     </span>
     <span class='ocr_line' id='line_1_10' title="bbox 136 859 836 927; baseline -0.023 -11"><span class='ocrx_word' id='word_1_70' title='bbox 136 879 372 927; x_wconf 77' lang='lat' dir='ltr'><strong>totumque</strong></span> <span class='ocrx_word' id='word_1_71' title='bbox 398 865 621 921; x_wconf 72' lang='lat' dir='ltr'><strong>fastigium</strong></span> <span class='ocrx_word' id='word_1_72' title='bbox 651 859 836 903; x_wconf 85' lang='lat' dir='ltr'><strong>extendi.</strong></span> 
     </span>
    </p>

    <p class='ocr_par' dir='ltr' id='par_1_4' title="bbox 71 922 1570 1136">
     <span class='ocr_line' id='line_1_11' title="bbox 71 922 1570 994; baseline -0.016 -6"><span class='ocrx_word' id='word_1_73' title='bbox 71 963 116 987; x_wconf 86' lang='lat'><strong>11</strong></span> <span class='ocrx_word' id='word_1_74' title='bbox 220 940 481 988; x_wconf 86' lang='lat' dir='ltr'><strong>Alexandro,</strong></span> <span class='ocrx_word' id='word_1_75' title='bbox 512 936 586 994; x_wconf 83' lang='lat' dir='ltr'><strong>qui</strong></span> <span class='ocrx_word' id='word_1_76' title='bbox 619 947 859 976; x_wconf 87' lang='lat' dir='ltr'><strong>numerum</strong></span> <span class='ocrx_word' id='word_1_77' title='bbox 886 928 1117 986; x_wconf 89' lang='lat' dir='ltr'><strong>copiarum</strong></span> <span class='ocrx_word' id='word_1_78' title='bbox 1145 925 1248 975; x_wconf 87' lang='lat' dir='ltr'><strong>eius,</strong></span> <span class='ocrx_word' id='word_1_79' title='bbox 1280 930 1499 981; x_wconf 89' lang='lat' dir='ltr'><strong>quantum</strong></span> <span class='ocrx_word' id='word_1_80' title='bbox 1514 922 1570 968; x_wconf 81' lang='lat'><strong>37</strong></span> 
     </span>
     <span class='ocr_line' id='line_1_12' title="bbox 141 995 1508 1075; baseline -0.016 -16"><span class='ocrx_word' id='word_1_81' title='bbox 141 1014 299 1075; x_wconf 91' lang='lat' dir='ltr'><strong>procul</strong></span> <span class='ocrx_word' id='word_1_82' title='bbox 336 1008 575 1055; x_wconf 87' lang='lat' dir='ltr'><strong>coniectari</strong></span> <span class='ocrx_word' id='word_1_83' title='bbox 615 1013 801 1064; x_wconf 89' lang='lat' dir='ltr'><strong>poterat,</strong></span> <span class='ocrx_word' id='word_1_84' title='bbox 828 1005 846 1033; x_wconf 82' lang='grc'><strong><em>3</em></strong></span> <span class='ocrx_word' id='word_1_85' title='bbox 880 999 1183 1047; x_wconf 78' lang='lat' dir='ltr'><strong>aestimabant,</strong></span> <span class='ocrx_word' id='word_1_86' title='bbox 1213 997 1282 1037; x_wconf 80' lang='lat' dir='ltr'><strong>vix</strong></span> <span class='ocrx_word' id='word_1_87' title='bbox 1304 995 1508 1037; x_wconf 76' lang='lat' dir='ltr'><strong>fecerunt</strong></span> 
     </span>
     <span class='ocr_line' id='line_1_13' title="bbox 143 1065 1509 1136; baseline -0.019 -5"><span class='ocrx_word' id='word_1_88' title='bbox 143 1089 290 1136; x_wconf 86' lang='lat' dir='ltr'><strong>fidem,</strong></span> <span class='ocrx_word' id='word_1_89' title='bbox 321 1092 391 1126; x_wconf 86' lang='lat' dir='ltr'><strong>tot</strong></span> <span class='ocrx_word' id='word_1_90' title='bbox 418 1082 594 1124; x_wconf 89' lang='lat' dir='ltr'><strong>milibus</strong></span> <span class='ocrx_word' id='word_1_91' title='bbox 630 1077 776 1127; x_wconf 91' lang='lat' dir='ltr'><strong>caesis,</strong></span> <span class='ocrx_word' id='word_1_92' title='bbox 815 1065 1004 1117; x_wconf 79' lang='lat' dir='ltr'><strong>maio&#39;res</strong></span> <span class='ocrx_word' id='word_1_93' title='bbox 1034 1070 1183 1127; x_wconf 88' lang='lat' dir='ltr'><strong>copias</strong></span> <span class='ocrx_word' id='word_1_94' title='bbox 1214 1083 1304 1109; x_wconf 86' lang='lat' dir='ltr'><strong>esse</strong></span> <span class='ocrx_word' id='word_1_95' title='bbox 1332 1081 1509 1123; x_wconf 85' lang='lat' dir='ltr'><strong>repara-</strong></span> 
     </span>
    </p>

    <p class='ocr_par' dir='ltr' id='par_1_5' title="bbox 78 1138 1520 1496">
     <span class='ocr_line' id='line_1_14' title="bbox 78 1138 1510 1206; baseline -0.018 -3"><span class='ocrx_word' id='word_1_96' title='bbox 78 1179 125 1203; x_wconf 88' lang='lat'><strong>12</strong></span> <span class='ocrx_word' id='word_1_97' title='bbox 142 1169 221 1204; x_wconf 87' lang='lat' dir='ltr'><strong>tas.</strong></span> <span class='ocrx_word' id='word_1_98' title='bbox 276 1156 489 1199; x_wconf 85' lang='lat' dir='ltr'><strong>Ceterum</strong></span> <span class='ocrx_word' id='word_1_99' title='bbox 521 1150 665 1193; x_wconf 86' lang='lat' dir='ltr'><strong>omnis</strong></span> <span class='ocrx_word' id='word_1_100' title='bbox 701 1147 882 1206; x_wconf 88' lang='lat' dir='ltr'><strong>periculi</strong></span> <span class='ocrx_word' id='word_1_101' title='bbox 922 1153 966 1186; x_wconf 89' lang='lat' dir='ltr'><strong>et</strong></span> <span class='ocrx_word' id='word_1_102' title='bbox 997 1143 1187 1184; x_wconf 83' lang='lat' dir='ltr'><strong>maxime</strong></span> <span class='ocrx_word' id='word_1_103' title='bbox 1217 1138 1510 1182; x_wconf 85' lang='lat' dir='ltr'><strong>multitudinis</strong></span> 
     </span>
     <span class='ocr_line' id='line_1_15' title="bbox 147 1211 1513 1285; baseline -0.019 -10"><span class='ocrx_word' id='word_1_104' title='bbox 147 1236 443 1285; x_wconf 86' lang='lat' dir='ltr'><strong>contemptor,</strong></span> <span class='ocrx_word' id='word_1_105' title='bbox 469 1221 712 1266; x_wconf 88' lang='lat' dir='ltr'><strong>undecimis</strong></span> <span class='ocrx_word' id='word_1_106' title='bbox 743 1219 892 1263; x_wconf 87' lang='lat' dir='ltr'><strong>castris</strong></span> <span class='ocrx_word' id='word_1_107' title='bbox 917 1214 1116 1274; x_wconf 86' lang='lat' dir='ltr'><strong>pervenit</strong></span> <span class='ocrx_word' id='word_1_108' title='bbox 1146 1212 1201 1255; x_wconf 92' lang='lat' dir='ltr'><strong>ad</strong></span> <span class='ocrx_word' id='word_1_109' title='bbox 1231 1211 1513 1269; x_wconf 81' lang='lat' dir='ltr'><strong>Euphraten:</strong></span> 
     </span>
     <span class='ocr_line' id='line_1_16' title="bbox 147 1285 1514 1362; baseline -0.018 -17"><span class='ocrx_word' id='word_1_110' title='bbox 147 1318 235 1362; x_wconf 90' lang='lat' dir='ltr'><strong>quo</strong></span> <span class='ocrx_word' id='word_1_111' title='bbox 266 1300 476 1359; x_wconf 88' lang='lat' dir='ltr'><strong>pontibus</strong></span> <span class='ocrx_word' id='word_1_112' title='bbox 504 1297 656 1338; x_wconf 90' lang='lat' dir='ltr'><strong>iuncto</strong></span> <span class='ocrx_word' id='word_1_113' title='bbox 677 1293 844 1350; x_wconf 88' lang='lat' dir='ltr'><strong>equites</strong></span> <span class='ocrx_word' id='word_1_114' title='bbox 861 1290 1029 1347; x_wconf 88' lang='lat' dir='ltr'><strong>primos</strong></span> <span class='ocrx_word' id='word_1_115' title='bbox 1059 1287 1136 1335; x_wconf 85' lang='lat' dir='ltr'><strong>ire,</strong></span> <span class='ocrx_word' id='word_1_116' title='bbox 1167 1285 1432 1342; x_wconf 76' lang='lat' dir='ltr'><strong>phalangem</strong></span> <span class='ocrx_word' id='word_1_117' title='bbox 1451 1297 1514 1323; x_wconf 83' lang='lat' dir='ltr'><strong>se-</strong></span> 
     </span>
     <span class='ocr_line' id='line_1_17' title="bbox 148 1354 1518 1435; baseline -0.018 -17"><span class='ocrx_word' id='word_1_118' title='bbox 148 1376 223 1435; x_wconf 91' lang='lat' dir='ltr'><strong>qui</strong></span> <span class='ocrx_word' id='word_1_119' title='bbox 252 1374 386 1422; x_wconf 86' lang='lat' dir='ltr'><strong>iubet‚</strong></span> <span class='ocrx_word' id='word_1_120' title='bbox 415 1370 615 1416; x_wconf 87' lang='lat' dir='ltr'><strong>Mazaeo,</strong></span> <span class='ocrx_word' id='word_1_121' title='bbox 644 1365 717 1423; x_wconf 89' lang='lat' dir='ltr'><strong>qui</strong></span> <span class='ocrx_word' id='word_1_122' title='bbox 751 1365 807 1406; x_wconf 92' lang='lat' dir='ltr'><strong>ad</strong></span> <span class='ocrx_word' id='word_1_123' title='bbox 830 1359 1122 1405; x_wconf 89' lang='lat' dir='ltr'><strong>inhibendum</strong></span> <span class='ocrx_word' id='word_1_124' title='bbox 1148 1355 1383 1400; x_wconf 87' lang='lat' dir='ltr'><strong>transitum</strong></span> <span class='ocrx_word' id='word_1_125' title='bbox 1410 1354 1518 1402; x_wconf 89' lang='lat' dir='ltr'><strong>eius,</strong></span> 
     </span>
     <span class='ocr_line' id='line_1_18' title="bbox 154 1427 1520 1496; baseline -0.017 -6"><span class='ocrx_word' id='word_1_126' title='bbox 154 1463 259 1492; x_wconf 90' lang='lat' dir='ltr'><strong>cum</strong></span> <span class='ocrx_word' id='word_1_127' title='bbox 296 1461 367 1488; x_wconf 86' lang='lat' dir='ltr'><strong>sex</strong></span> <span class='ocrx_word' id='word_1_128' title='bbox 402 1442 576 1484; x_wconf 85' lang='lat' dir='ltr'><strong>milibus</strong></span> <span class='ocrx_word' id='word_1_129' title='bbox 615 1439 815 1496; x_wconf 89' lang='lat' dir='ltr'><strong>equitum</strong></span> <span class='ocrx_word' id='word_1_130' title='bbox 852 1439 1121 1480; x_wconf 85' lang='lat' dir='ltr'><strong>occurrerat,</strong></span> <span class='ocrx_word' id='word_1_131' title='bbox 1150 1446 1241 1472; x_wconf 93' lang='lat' dir='ltr'><strong>non</strong></span> <span class='ocrx_word' id='word_1_132' title='bbox 1273 1444 1377 1471; x_wconf 87' lang='lat' dir='ltr'><strong>auso</strong></span> <span class='ocrx_word' id='word_1_133' title='bbox 1405 1427 1520 1484; x_wconf 85' lang='lat' dir='ltr'><strong>peri·</strong></span> 
     </span>
    </p>

    <p class='ocr_par' dir='ltr' id='par_1_6' title="bbox 89 1498 1527 1793">
     <span class='ocr_line' id='line_1_19' title="bbox 89 1498 1521 1569; baseline -0.018 -5"><span class='ocrx_word' id='word_1_134' title='bbox 89 1520 300 1569; x_wconf 82' lang='lat' dir='ltr'><strong>13culum</strong></span> <span class='ocrx_word' id='word_1_135' title='bbox 348 1515 411 1559; x_wconf 88' lang='lat' dir='ltr'><strong>sui</strong></span> <span class='ocrx_word' id='word_1_136' title='bbox 457 1514 616 1555; x_wconf 85' lang='lat' dir='ltr'><strong>facere.</strong></span> <span class='ocrx_word' id='word_1_137' title='bbox 686 1510 842 1552; x_wconf 88' lang='lat' dir='ltr'><strong>Paucis</strong></span> <span class='ocrx_word' id='word_1_138' title='bbox 881 1505 1059 1555; x_wconf 88' lang='lat' dir='ltr'><strong>deinde,</strong></span> <span class='ocrx_word' id='word_1_139' title='bbox 1091 1519 1184 1545; x_wconf 90' lang='lat' dir='ltr'><strong>non</strong></span> <span class='ocrx_word' id='word_1_140' title='bbox 1224 1503 1278 1544; x_wconf 88' lang='lat' dir='ltr'><strong>ad</strong></span> <span class='ocrx_word' id='word_1_141' title='bbox 1313 1498 1521 1558; x_wconf 89' lang='lat' dir='ltr'><strong>quietem,</strong></span> 
     </span>
     <span class='ocr_line' id='line_1_20' title="bbox 152 1572 1522 1645; baseline -0.018 -10"><span class='ocrx_word' id='word_1_142' title='bbox 152 1592 229 1635; x_wconf 88' lang='lat' dir='ltr'><strong>sed</strong></span> <span class='ocrx_word' id='word_1_143' title='bbox 257 1589 312 1632; x_wconf 90' lang='lat' dir='ltr'><strong>ad</strong></span> <span class='ocrx_word' id='word_1_144' title='bbox 342 1586 705 1645; x_wconf 67' lang='lat' dir='ltr'><strong>praeparandos*</strong></span> <span class='ocrx_word' id='word_1_145' title='bbox 740 1581 922 1629; x_wconf 89' lang='lat' dir='ltr'><strong>animos,</strong></span> <span class='ocrx_word' id='word_1_146' title='bbox 945 1575 1097 1620; x_wconf 85' lang='lat' dir='ltr'><strong>diebus</strong></span> <span class='ocrx_word' id='word_1_147' title='bbox 1115 1575 1225 1618; x_wconf 91' lang='lat' dir='ltr'><strong>datis</strong></span> <span class='ocrx_word' id='word_1_148' title='bbox 1252 1572 1391 1623; x_wconf 86' lang='lat' dir='ltr'><strong>militi,</strong></span> <span class='ocrx_word' id='word_1_149' title='bbox 1415 1579 1522 1613; x_wconf 89' lang='lat' dir='ltr'><strong>stre-</strong></span> 
     </span>
     <span class='ocr_line' id='line_1_21' title="bbox 155 1645 1523 1714; baseline -0.015 -9"><span class='ocrx_word' id='word_1_150' title='bbox 155 1679 242 1706; x_wconf 91' lang='lat' dir='ltr'><strong>nue</strong></span> <span class='ocrx_word' id='word_1_151' title='bbox 273 1662 450 1703; x_wconf 89' lang='lat' dir='ltr'><strong>hostem</strong></span> <span class='ocrx_word' id='word_1_152' title='bbox 486 1656 655 1714; x_wconf 87' lang='lat' dir='ltr'><strong>insequi</strong></span> <span class='ocrx_word' id='word_1_153' title='bbox 696 1652 854 1709; x_wconf 88' lang='lat' dir='ltr'><strong>coepit,</strong></span> <span class='ocrx_word' id='word_1_154' title='bbox 883 1657 1097 1699; x_wconf 88' lang='lat' dir='ltr'><strong>metuens,</strong></span> <span class='ocrx_word' id='word_1_155' title='bbox 1128 1663 1184 1690; x_wconf 89' lang='lat' dir='ltr'><strong>ne</strong></span> <span class='ocrx_word' id='word_1_156' title='bbox 1217 1645 1427 1688; x_wconf 89' lang='lat' dir='ltr'><strong>interiora</strong></span> <span class='ocrx_word' id='word_1_157' title='bbox 1456 1658 1523 1685; x_wconf 85' lang='lat' dir='ltr'><strong>re-</strong></span> 
     </span>
     <span class='ocr_line' id='line_1_22' title="bbox 157 1716 1527 1793; baseline -0.015 -16"><span class='ocrx_word' id='word_1_158' title='bbox 157 1735 230 1793; x_wconf 80' lang='lat' dir='ltr'><strong>gni</strong></span> <span class='ocrx_word' id='word_1_159' title='bbox 256 1733 321 1776; x_wconf 89' lang='lat' dir='ltr'><strong>sui</strong></span> <span class='ocrx_word' id='word_1_160' title='bbox 357 1737 540 1789; x_wconf 88' lang='lat' dir='ltr'><strong>peteret,</strong></span> <span class='ocrx_word' id='word_1_161' title='bbox 571 1726 905 1785; x_wconf 87' lang='lat' dir='ltr'><strong>sequendusque</strong></span> <span class='ocrx_word' id='word_1_162' title='bbox 935 1729 1045 1764; x_wconf 90' lang='lat' dir='ltr'><strong>esset</strong></span> <span class='ocrx_word' id='word_1_163' title='bbox 1072 1735 1152 1777; x_wconf 87' lang='lat' dir='ltr'><strong>per</strong></span> <span class='ocrx_word' id='word_1_164' title='bbox 1179 1720 1276 1761; x_wconf 92' lang='lat' dir='ltr'><strong>loca</strong></span> <span class='ocrx_word' id='word_1_165' title='bbox 1306 1716 1429 1759; x_wconf 87' lang='lat' dir='ltr'><strong>omni</strong></span> <span class='ocrx_word' id='word_1_166' title='bbox 1459 1730 1527 1757; x_wconf 83' lang='lat' dir='ltr'><strong>so-</strong></span> 
     </span>
    </p>

    <p class='ocr_par' dir='ltr' id='par_1_7' title="bbox 94 1789 1540 2576">
     <span class='ocr_line' id='line_1_23' title="bbox 94 1789 1527 1860; baseline -0.016 -9"><span class='ocrx_word' id='word_1_167' title='bbox 94 1807 335 1858; x_wconf 83' lang='lat' dir='ltr'><strong>14litudine</strong></span> <span class='ocrx_word' id='word_1_168' title='bbox 373 1811 504 1860; x_wconf 83' lang='lat' dir='ltr'><strong>atque</strong></span> <span class='ocrx_word' id='word_1_169' title='bbox 527 1800 676 1858; x_wconf 89' lang='lat' dir='ltr'><strong>inopia</strong></span> <span class='ocrx_word' id='word_1_170' title='bbox 704 1804 838 1839; x_wconf 80' lang='lat' dir='ltr'><strong>vasta.</strong></span> <span class='ocrx_word' id='word_1_171' title='bbox 894 1794 1032 1852; x_wconf 77' lang='lat' dir='ltr'><strong>Igitur</strong></span> <span class='ocrx_word' id='word_1_172' title='bbox 1061 1798 1218 1849; x_wconf 87' lang='lat' dir='ltr'><strong>quarto</strong></span> <span class='ocrx_word' id='word_1_173' title='bbox 1251 1789 1320 1832; x_wconf 91' lang='lat' dir='ltr'><strong>die</strong></span> <span class='ocrx_word' id='word_1_174' title='bbox 1351 1795 1527 1846; x_wconf 89' lang='lat' dir='ltr'><strong>praeter</strong></span> 
     </span>
     <span class='ocr_line' id='line_1_24' title="bbox 161 1860 1532 1934; baseline -0.015 -12"><span class='ocrx_word' id='word_1_175' title='bbox 161 1877 320 1922; x_wconf 86' lang='lat' dir='ltr'><strong>Arbela</strong></span> <span class='ocrx_word' id='word_1_176' title='bbox 362 1880 566 1934; x_wconf 88' lang='lat' dir='ltr'><strong>penetrat</strong></span> <span class='ocrx_word' id='word_1_177' title='bbox 608 1871 663 1913; x_wconf 89' lang='lat' dir='ltr'><strong>ad</strong></span> <span class='ocrx_word' id='word_1_178' title='bbox 697 1868 862 1926; x_wconf 76' lang='lat' dir='ltr'><strong>Tigrin.</strong></span> <span class='ocrx_word' id='word_1_179' title='bbox 920 1868 1035 1908; x_wconf 91' lang='lat' dir='ltr'><strong>Tota</strong></span> <span class='ocrx_word' id='word_1_180' title='bbox 1063 1863 1182 1920; x_wconf 79' lang='lat' dir='ltr'><strong>regio</strong></span> <span class='ocrx_word' id='word_1_181' title='bbox 1210 1860 1323 1904; x_wconf 86' lang='lat' dir='ltr'><strong>ultra</strong></span> <span class='ocrx_word' id='word_1_182' title='bbox 1352 1875 1532 1902; x_wconf 83' lang='lat' dir='ltr'><strong>amnem</strong></span> 
     </span>
     <span class='ocr_line' id='line_1_25' title="bbox 162 1934 1534 1997; baseline -0.015 -3"><span class='ocrx_word' id='word_1_183' title='bbox 162 1950 329 1995; x_wconf 87' lang='lat' dir='ltr'><strong>recenti</strong></span> <span class='ocrx_word' id='word_1_184' title='bbox 363 1947 567 1990; x_wconf 82' lang='lat' dir='ltr'><strong>fumabat</strong></span> <span class='ocrx_word' id='word_1_185' title='bbox 607 1942 832 1986; x_wconf 85' lang='lat' dir='ltr'><strong>incendio:</strong></span> <span class='ocrx_word' id='word_1_186' title='bbox 873 1938 1035 1997; x_wconf 88' lang='lat' dir='ltr'><strong>quippe</strong></span> <span class='ocrx_word' id='word_1_187' title='bbox 1064 1934 1281 1986; x_wconf 83' lang='lat' dir='ltr'><strong>Mazaeus,</strong></span> <span class='ocrx_word' id='word_1_188' title='bbox 1314 1947 1534 1992; x_wconf 81' lang='lat' dir='ltr'><strong>quaecun-</strong></span> 
     </span>
     <span class='ocr_line' id='line_1_26' title="bbox 107 2003 1535 2083; baseline -0.016 -15"><span class='ocrx_word' id='word_1_189' title='bbox 107 2050 150 2076; x_wconf 61' lang='grc' dir='ltr'><strong>ις</strong></span> <span class='ocrx_word' id='word_1_190' title='bbox 169 2040 252 2083; x_wconf 91' lang='lat' dir='ltr'><strong>que</strong></span> <span class='ocrx_word' id='word_1_191' title='bbox 282 2022 461 2071; x_wconf 86' lang='lat' dir='ltr'><strong>adierat,</strong></span> <span class='ocrx_word' id='word_1_192' title='bbox 500 2017 622 2059; x_wconf 83' lang='lat' dir='ltr'><strong>haud</strong></span> <span class='ocrx_word' id='word_1_193' title='bbox 653 2030 780 2058; x_wconf 88' lang='lat' dir='ltr'><strong>secus</strong></span> <span class='ocrx_word' id='word_1_194' title='bbox 806 2027 937 2070; x_wconf 89' lang='lat' dir='ltr'><strong>quam</strong></span> <span class='ocrx_word' id='word_1_195' title='bbox 966 2010 1105 2051; x_wconf 90' lang='lat' dir='ltr'><strong>hostis</strong></span> <span class='ocrx_word' id='word_1_196' title='bbox 1137 2008 1304 2050; x_wconf 84' lang='lat' dir='ltr'><strong>urebat.</strong></span> <span class='ocrx_word' id='word_1_197' title='bbox 1363 2007 1428 2047; x_wconf 78' lang='lat' dir='ltr'><strong>Ac</strong></span> <span class='ocrx_word' id='word_1_198' title='bbox 1449 2003 1535 2061; x_wconf 82' lang='lat' dir='ltr'><strong>pri-</strong></span> 
     </span>
     <span class='ocr_line' id='line_1_27' title="bbox 166 2077 1534 2151; baseline -0.017 -12"><span class='ocrx_word' id='word_1_199' title='bbox 166 2112 242 2139; x_wconf 93' lang='lat' dir='ltr'><strong>mo</strong></span> <span class='ocrx_word' id='word_1_200' title='bbox 277 2093 475 2151; x_wconf 79' lang='lat' dir='ltr'><strong>caligine,</strong></span> <span class='ocrx_word' id='word_1_201' title='bbox 508 2104 642 2148; x_wconf 88' lang='lat' dir='ltr'><strong>quam</strong></span> <span class='ocrx_word' id='word_1_202' title='bbox 669 2087 816 2128; x_wconf 84' lang='lat' dir='ltr'><strong>fumus</strong></span> <span class='ocrx_word' id='word_1_203' title='bbox 836 2084 1064 2133; x_wconf 88' lang='lat' dir='ltr'><strong>effuderat,</strong></span> <span class='ocrx_word' id='word_1_204' title='bbox 1093 2081 1353 2123; x_wconf 84' lang='lat' dir='ltr'><strong>obscurante</strong></span> <span class='ocrx_word' id='word_1_205' title='bbox 1373 2077 1534 2125; x_wconf 85' lang='lat' dir='ltr'><strong>lucem,</strong></span> 
     </span>
     <span class='ocr_line' id='line_1_28' title="bbox 167 2152 1537 2211; baseline -0.018 0"><span class='ocrx_word' id='word_1_206' title='bbox 167 2168 427 2211; x_wconf 88' lang='lat' dir='ltr'><strong>insidiarum</strong></span> <span class='ocrx_word' id='word_1_207' title='bbox 453 2171 578 2206; x_wconf 91' lang='lat' dir='ltr'><strong>metu</strong></span> <span class='ocrx_word' id='word_1_208' title='bbox 605 2159 813 2202; x_wconf 87' lang='lat' dir='ltr'><strong>substitit:</strong></span> <span class='ocrx_word' id='word_1_209' title='bbox 845 2155 1001 2198; x_wconf 89' lang='lat' dir='ltr'><strong>deinde</strong></span> <span class='ocrx_word' id='word_1_210' title='bbox 1020 2162 1069 2196; x_wconf 91' lang='lat' dir='ltr'><strong>ut</strong></span> <span class='ocrx_word' id='word_1_211' title='bbox 1096 2152 1391 2210; x_wconf 88' lang='lat' dir='ltr'><strong>speculatores</strong></span> <span class='ocrx_word' id='word_1_212' title='bbox 1411 2162 1537 2205; x_wconf 82' lang='lat' dir='ltr'><strong>prae-</strong></span> 
     </span>
     <span class='ocr_line' id='line_1_29' title="bbox 169 2219 1538 2284; baseline -0.018 0"><span class='ocrx_word' id='word_1_213' title='bbox 169 2240 288 2284; x_wconf 79' lang='lat' dir='ltr'><strong>missi</strong></span> <span class='ocrx_word' id='word_1_214' title='bbox 340 2245 434 2281; x_wconf 90' lang='lat' dir='ltr'><strong>tuta</strong></span> <span class='ocrx_word' id='word_1_215' title='bbox 482 2231 631 2277; x_wconf 89' lang='lat' dir='ltr'><strong>omnia</strong></span> <span class='ocrx_word' id='word_1_216' title='bbox 671 2230 1004 2277; x_wconf 84' lang='lat' dir='ltr'><strong>nuntiaverunt,</strong></span> <span class='ocrx_word' id='word_1_217' title='bbox 1038 2240 1205 2283; x_wconf 89' lang='lat' dir='ltr'><strong>paucos</strong></span> <span class='ocrx_word' id='word_1_218' title='bbox 1242 2221 1440 2280; x_wconf 90' lang='lat' dir='ltr'><strong>equitum</strong></span> <span class='ocrx_word' id='word_1_219' title='bbox 1480 2219 1538 2261; x_wconf 84' lang='lat' dir='ltr'><strong>ad</strong></span> 
     </span>
     <span class='ocr_line' id='line_1_30' title="bbox 173 2292 1539 2370; baseline -0.018 -13"><span class='ocrx_word' id='word_1_220' title='bbox 173 2311 490 2370; x_wconf 84' lang='lat' dir='ltr'><strong>temptandum</strong></span> <span class='ocrx_word' id='word_1_221' title='bbox 509 2307 673 2349; x_wconf 80' lang='lat' dir='ltr'><strong>vadum</strong></span> <span class='ocrx_word' id='word_1_222' title='bbox 709 2301 901 2343; x_wconf 83' lang='lat' dir='ltr'><strong>fluminis</strong></span> <span class='ocrx_word' id='word_1_223' title='bbox 917 2298 1162 2357; x_wconf 87' lang='lat' dir='ltr'><strong>praemisit:</strong></span> <span class='ocrx_word' id='word_1_224' title='bbox 1197 2295 1318 2340; x_wconf 90' lang='lat' dir='ltr'><strong>cuius</strong></span> <span class='ocrx_word' id='word_1_225' title='bbox 1351 2292 1539 2335; x_wconf 86' lang='lat' dir='ltr'><strong>altitudo</strong></span> 
     </span>
     <span class='ocr_line' id='line_1_31' title="bbox 172 2365 1539 2443; baseline -0.017 -15"><span class='ocrx_word' id='word_1_226' title='bbox 172 2386 318 2443; x_wconf 88' lang='lat' dir='ltr'><strong>primo</strong></span> <span class='ocrx_word' id='word_1_227' title='bbox 356 2383 530 2425; x_wconf 82' lang='lat' dir='ltr'><strong>summa</strong></span> <span class='ocrx_word' id='word_1_228' title='bbox 560 2391 777 2436; x_wconf 90' lang='lat' dir='ltr'><strong>equorum</strong></span> <span class='ocrx_word' id='word_1_229' title='bbox 808 2380 1002 2431; x_wconf 88' lang='lat' dir='ltr'><strong>pectora,</strong></span> <span class='ocrx_word' id='word_1_230' title='bbox 1036 2386 1153 2421; x_wconf 88' lang='lat' dir='ltr'><strong>mox,</strong></span> <span class='ocrx_word' id='word_1_231' title='bbox 1190 2374 1241 2410; x_wconf 85' lang='lat' dir='ltr'><strong>ut</strong></span> <span class='ocrx_word' id='word_1_232' title='bbox 1262 2366 1308 2409; x_wconf 86' lang='lat' dir='ltr'><strong>in</strong></span> <span class='ocrx_word' id='word_1_233' title='bbox 1336 2365 1539 2407; x_wconf 87' lang='lat' dir='ltr'><strong>medium</strong></span> 
     </span>
     <span class='ocr_line' id='line_1_32' title="bbox 114 2437 1539 2509; baseline -0.015 -10"><span class='ocrx_word' id='word_1_234' title='bbox 114 2481 162 2509; x_wconf 88' lang='lat'><strong>16</strong></span> <span class='ocrx_word' id='word_1_235' title='bbox 177 2457 346 2498; x_wconf 89' lang='lat' dir='ltr'><strong>alveum</strong></span> <span class='ocrx_word' id='word_1_236' title='bbox 373 2460 556 2496; x_wconf 78' lang='lat' dir='ltr'><strong>ventum</strong></span> <span class='ocrx_word' id='word_1_237' title='bbox 603 2458 677 2497; x_wconf 85' lang='lat' dir='ltr'><strong>est,</strong></span> <span class='ocrx_word' id='word_1_238' title='bbox 714 2447 903 2490; x_wconf 76' lang='lat' dir='ltr'><strong>cervices</strong></span> <span class='ocrx_word' id='word_1_239' title='bbox 941 2458 1118 2501; x_wconf 89' lang='lat' dir='ltr'><strong>quoque</strong></span> <span class='ocrx_word' id='word_1_240' title='bbox 1154 2439 1383 2498; x_wconf 82' lang='lat' dir='ltr'><strong>aequabat.</strong></span> <span class='ocrx_word' id='word_1_241' title='bbox 1440 2437 1539 2479; x_wconf 83' lang='lat' dir='ltr'><strong>Nec</strong></span> 
     </span>
     <span class='ocr_line' id='line_1_33' title="bbox 176 2507 1540 2576; baseline -0.016 -5"><span class='ocrx_word' id='word_1_242' title='bbox 176 2544 279 2571; x_wconf 89' lang='lat' dir='ltr'><strong>sane</strong></span> <span class='ocrx_word' id='word_1_243' title='bbox 307 2527 413 2568; x_wconf 88' lang='lat' dir='ltr'><strong>alius</strong></span> <span class='ocrx_word' id='word_1_244' title='bbox 464 2525 521 2567; x_wconf 86' lang='lat' dir='ltr'><strong>ad</strong></span> <span class='ocrx_word' id='word_1_245' title='bbox 555 2520 750 2566; x_wconf 91' lang='lat' dir='ltr'><strong>Orientis</strong></span> <span class='ocrx_word' id='word_1_246' title='bbox 784 2519 958 2576; x_wconf 76' lang='lat' dir='ltr'><strong>plagam</strong></span> <span class='ocrx_word' id='word_1_247' title='bbox 994 2523 1089 2558; x_wconf 86' lang='lat' dir='ltr'><strong>tam</strong></span> <span class='ocrx_word' id='word_1_248' title='bbox 1122 2512 1338 2556; x_wconf 78' lang='lat' dir='ltr'><strong>violentus</strong></span> <span class='ocrx_word' id='word_1_249' title='bbox 1375 2507 1540 2552; x_wconf 85' lang='lat' dir='ltr'><strong>invehi-</strong></span> 
     </span>
    </p>
   </div>
   <div class='ocr_carea' id='block_1_3' title="bbox 179 2672 1539 2723">
    <p class='ocr_par' dir='ltr' id='par_1_8' title="bbox 179 2672 1539 2723">
     <span class='ocr_line' id='line_1_34' title="bbox 179 2672 1539 2723; baseline -0.013 0"><span class='ocrx_word' id='word_1_250' title='bbox 179 2690 197 2714; x_wconf 88' lang='lat'>1</span> <span class='ocrx_word' id='word_1_251' title='bbox 221 2687 410 2723; x_wconf 83' lang='lat' dir='ltr'><strong>Bumado.</strong></span> <span class='ocrx_word' id='word_1_252' title='bbox 445 2686 466 2712; x_wconf 85' lang='lat'><strong>2</strong></span> <span class='ocrx_word' id='word_1_253' title='bbox 486 2686 627 2720; x_wconf 60' lang='lat' dir='ltr'><strong>absunt</strong></span> <span class='ocrx_word' id='word_1_254' title='bbox 655 2682 775 2717; x_wconf 83' lang='lat' dir='ltr'><strong>verba</strong></span> <span class='ocrx_word' id='word_1_255' title='bbox 802 2680 849 2714; x_wconf 84' lang='lat' dir='ltr'><strong>ad</strong></span> <span class='ocrx_word' id='word_1_256' title='bbox 878 2690 934 2712; x_wconf 86' lang='lat' dir='ltr'><strong>ea.</strong></span> <span class='ocrx_word' id='word_1_257' title='bbox 971 2676 991 2707; x_wconf 95' lang='grc'><strong><em>3</em></strong></span> <span class='ocrx_word' id='word_1_258' title='bbox 1008 2680 1204 2723; x_wconf 79' lang='lat' dir='ltr'><strong>poterant.</strong></span> <span class='ocrx_word' id='word_1_259' title='bbox 1246 2672 1268 2705; x_wconf 87' lang='lat'>4</span> <span class='ocrx_word' id='word_1_260' title='bbox 1289 2672 1539 2720; x_wconf 77' lang='lat' dir='ltr'><strong>reparandos.</strong></span> 
     </span>
    </p>
   </div>
  </div>
 </body>
</html>
