1703 2961
404 138 488 182 DE
515 132 725 182 GESTIS
746 129 913 174 ALEx.
945 126 1016 176 lx,
1047 122 1116 167 26.
1364 117 1444 159 327

86 275 231 316 regum
269 258 414 299 exitus
448 254 491 293 si
519 246 850 304 reputaveritis,
874 243 1021 297 plures
1051 253 1078 277 a
1106 237 1209 280 suis,
1240 247 1366 286 quam
1392 229 1445 268 ab

21 343 68 371 26
84 339 203 377 hoste
256 333 539 380 interemptos
603 319 900 362 numerabitis.
982 313 1206 360 Ceterum,
1243 304 1444 359 qnoniam

82 409 185 449 olim
211 407 276 445 rei
303 403 501 456 agitatae
530 399 576 438 in
602 396 746 435 animo
777 406 867 432 meo
896 402 1004 429 nunc
1033 379 1297 438 promendae
1323 390 1441 416 occa-

81 483 149 522 sio
190 480 335 521 oblata
367 484 447 520 est,
486 471 593 511 mihi
632 467 848 507 maximus
885 461 1077 502 laborum
1107 464 1238 508 atque
1268 463 1443 502 operum

84 567 268 595 meorum
297 550 382 590 erit
395 543 589 605 fructus,
621 544 662 582 si
695 539 926 594 Olympias
953 542 1090 573 mater
1114 521 1444 568 immortalitati

84 634 365 669 com-ecretur,
394 619 727 675 quandocunque
753 609 989 651 excesserit
1012 606 1126 645 vita.
1182 599 1233 639 Si
1257 595 1442 640 licuerit,

84 702 179 754 ipse
206 694 435 751 praestabo
463 695 563 733 hoc:
589 692 630 730 si
657 703 721 727 me
747 680 1017 740 praeceperit
1032 672 1204 735 satum,
1227 684 1308 710 vos
1328 681 1442 706 man·

84 774 212 811 dasse
252 777 519 808 mementote.
588 763 653 803 Ac
692 767 790 799 tum
830 753 1010 812 quidem
1057 746 1223 788 amicos
1261 737 1443 783 dimisit:

84 850 280 885 ceterum
310 854 389 896 per
411 836 660 893 complures
689 831 778 872 dies
803 827 862 869 ibi
890 821 1045 866 stativa
1074 816 1244 859 habuit.

3 959 73 986 vn.
171 944 289 983 Haec
331 940 438 981 dum
478 938 523 978 in
561 933 682 976 India
719 935 942 988 geruntur,
985 918 1146 963 Graeci
1180 914 1339 957 milites
1369 909 1507 969 nti-‘27

86 1030 166 1073 per
201 1015 245 1055 in
285 1011 476 1054 colonias
516 1024 538 1050 a
577 1020 677 1062 rege
719 999 895 1043 deducti
933 997 1049 1039 circa
1093 990 1299 1037 Bactra,¹
1348 989 1443 1024 orta

87 1090 201 1130 inter
237 1086 353 1142 ipsos
387 1081 612 1128 seditione,
650 1075 915 1119 defecerant,
953 1083 1044 1109 non
1071 1071 1165 1105 tam
1195 1055 1445 1102 Alexandro

36 1181 56 1202 ²
89 1158 259 1206 infensi,
291 1171 423 1214 quam
461 1159 583 1194 metu
612 1145 824 1204 supplicii.
882 1141 1059 1197 Quippe
1089 1133 1243 1177 occisis
1273 1128 1448 1187 quibus-

31 1263 34 1265 *
89 1234 194 1275 dam
223 1227 515 1287 popularium,
549 1221 622 1278 qui
659 1217 889 1260 validiores
930 1218 1056 1254 erant
1097 1220 1220 1250 arma
1249 1207 1448 1259 spectare

90 1292 344 1361 coeperunt,
384 1304 428 1339 et
462 1294 697 1337 Bactriana
735 1304 848 1338 arce,
889 1301 1000 1343 quae
1033 1298 1135 1325 casu
1164 1271 1450 1333 negligentius

91 1381 306 1418 asservata
333 1377 439 1419 erat,
477 1371 708 1421 occupata,
748 1360 962 1401 barbaros
990 1369 1168 1414 quoque
1196 1351 1242 1391 in
1270 1345 1453 1390 societa-

39 1465 58 1493 3
91 1457 182 1491 tem
217 1443 498 1502 impulerant.
559 1434 874 1479 Athenodorus
912 1435 1005 1471 erat
1041 1425 1244 1483 princeps
1282 1432 1453 1463 eorum,

92 1521 165 1578 qui
195 1518 304 1574 regis
334 1526 511 1572 quoque
538 1523 708 1551 nomen
747 1507 1052 1559 assumpserat,
1077 1512 1170 1538 non
1195 1503 1288 1536 tam
1319 1493 1457 1546 impe-

93 1593 145 1635 rii
195 1589 422 1646 cupidine,
464 1597 598 1641 quam
639 1580 685 1621 in
725 1577 917 1636 patriam
953 1568 1201 1614 revertendi
1240 1562 1454 1611 cumbis,

40 1687 65 1711 4
94 1665 168 1724 qui
200 1659 509 1704 auctoritatem
536 1654 668 1712 ipsius
699 1649 1005 1708 sequebantur.
1044 1643 1160 1684 Huic
1191 1639 1334 1681 Bico²
1366 1635 1458 1692 qui-

98 1729 201 1781 dam
247 1731 437 1775 nationis
485 1726 622 1776 eius‚³
665 1723 740 1765 sed
782 1722 840 1763 ob
878 1716 1221 1761 aemulationem
1261 1709 1456 1756 infestus,

99 1804 372 1865 comparavit
413 1800 602 1849 insidias,
642 1796 966 1849 invitatumque
1000 1789 1056 1830 ad
1087 1785 1236 1843 epulas
1265 1797 1344 1839 per
1372 1781 1460 1822 Bo-

49 1900 65 1926 5
99 1897 203 1925 xum
236 1876 460 1936 quendam
496 1869 804 1914 lVIacerianum
841 1865 887 1906 in
913 1860 1112 1905 convivio
1145 1857 1324 1899 occidit.
1379 1854 1461 1894 Po-

99 1961 215 1996 stero
232 1950 301 1992 die
333 1945 542 1990 contione
579 1942 792 1983 advocAta
809 1938 919 1979 Bico
951 1935 1068 1976 ultro
1097 1929 1349 1972 insidiatum
1380 1924 1461 1967 sibi

103 2022 445 2069 Athenodorum
472 2015 688 2074 plerisque
716 2014 1008 2069 persuaserat:
1036 2004 1113 2046 sed
1142 2002 1232 2044 aliis
1262 2004 1463 2055 suspecta

104 2105 198 2141 erat
224 2094 379 2136 [raus4
405 2089 596 2136 Biconis,
625 2094 669 2129 et
694 2080 906 2142 paulatim
950 2080 996 2120 in
1023 2077 1170 2134 plures
1202 2072 1350 2129 coepit
1373 2084 1466 2110 ma-

53 2184 75 2213 6
105 2185 211 2212 nare
246 2163 447 2222 suspicio.
513 2162 666 2216 ltaque
718 2154 896 2199 Graeci·
915 2151 1074 2193 milites
1117 2162 1238 2189 arma
1276 2143 1466 2200 capiunt,

106 2240 292 2285 occisuri
323 2238 547 2283 Biconem,
574 2232 606 2273 si
638 2231 816 2271 daretur
847 2223 1042 2267 occasio:
1086 2228 1283 2263 ceterum
1309 2214 1468 2273 princi-

61 2338 74 2362 7
109 2329 185 2371 pes
226 2325 382 2353 eorum
417 2309 528 2348 iram
562 2299 854 2346 multitudinis
902 2296 1225 2352 mitigaverunt.
1290 2289 1477 2329 Praeter·

107 2378 232 2442 spem
283 2397 408 2424 suam
456 2378 566 2420 Bico
609 2372 826 2432 praesenti
868 2368 1065 2427 periculo
1102 2372 1301 2421 ereptus,
1338 2358 1468 2414 paulo

109 2464 208 2514 post
245 2454 468 2496 insidiatus
494 2447 748 2492 auctoribus
778 2443 926 2485 salutis·
955 2456 1059 2483 suae
1089 2447 1173 2480 est:
1213 2435 1336 2478 cuius
1367 2431 1470 2473 dolo

112 2600 129 2623 ²
156 2599 217 2632 De
240 2598 397 2629 coniecc.
441 2594 565 2639 Vulgo
609 2589 767 2624 deducti
811 2585 1061 2619 Garabaetta.
1287 2577 1308 2604 2
1337 2576 1472 2609 Bicon.

203 2652 221 2680 3
250 2649 432 2685 eiusdem.
636 2647 657 2676 4
682 2644 783 2677 fraus
811 2647 902 2674 erat.
