1703 2961
247 137 329 181 314
661 184 663 186 ,
708 139 762 196 Q.
794 139 999 184 CURTH
1028 143 1169 186 mm

242 255 438 294 ravimus
464 255 633 295 cultum.
698 255 846 314 Quoto
871 258 1020 311 cuique
1043 258 1183 299 lorica
1208 262 1303 301 est?
1331 264 1429 316 quis
1446 250 1654 318 equzimu

240 325 398 366 habet?
426 327 521 366 iube
550 329 712 383 quaeri,
749 343 878 382 quam
907 331 1064 372 multos
1088 334 1210 371 servi
1237 334 1427 386 ipsorum
1454 352 1595 390 perse-

238 400 332 438 cuti
359 401 491 449 sint,¹
526 402 633 456 quid
668 403 818 456 cuique
854 406 1044 456 supersit
1073 419 1126 445 ex
1153 407 1332 458 praeda.
1394 409 1594 449 Omnium

236 472 427 513 victores
464 476 650 514 omnium
689 476 840 527 inopes
879 492 1036 517 sumus.
1101 480 1196 518 Nec
1225 479 1402 520 luxuria
1427 482 1592 523 labora-

237 560 341 593 mus,
373 548 451 586 sed
480 547 587 588 bello
619 549 904 589 instrumenta
932 550 1034 589 belli
1062 553 1411 605 consumpsimus.
1463 556 1653 594 Huncvz

234 627 282 657 m
324 620 654 671 pulcherrimum
709 623 945 662 exem-icum
996 625 1154 663 nudum
1202 625 1380 666 obiit-ies
1426 625 1592 668 beluis?

234 706 413 746 quarum
444 702 493 731 ut
520 693 842 734 multitudinem
873 706 1060 748 augeant
1079 698 1132 736 de
1159 699 1377 738 industria
1402 699 1589 750 barbari,

231 777 424 814 maguum
462 774 606 805 tamen
645 781 735 805 esse
773 782 989 808 numerum
1028 771 1162 810 etiam
1189 786 1244 810 ex
1275 773 1498 813 mendacio
1528 775 1589 828 iti-

228 835 393 888 telligo.
465 838 638 901 {hodsi
680 839 818 879 adhuc
862 853 1090 894 penetrare
1128 844 1174 883 in
1214 844 1387 883 Indiam
1425 854 1586 884 certum
1605 863 1649 890 13

227 918 302 956 est,
339 911 460 962 regio
504 926 530 949 a
576 913 768 951 Meridie
815 915 955 953 minus
988 925 1119 955 vasta
1154 927 1244 964 ωε,-
1283 931 1369 970 qua
1407 917 1587 958 subacta

225 981 376 1022 licebit
411 983 634 1024 decurrere
673 986 719 1025 in
752 986 862 1026 illud
898 1002 1030 1037 mare,
1067 989 1184 1042 quod
1220 988 1345 1028 rebus
1387 990 1587 1031 humanis

223 1057 449 1095 terminum
482 1057 626 1097 voluit
663 1074 753 1097 esse
783 1069 955 1099 natura.
1027 1059 1114 1100 Cur
1142 1061 1324 1100 circuitu
1351 1065 1471 1115 petis
1493 1065 1646 1116 glo—14

221 1129 346 1175 riam,
377 1145 486 1184 quae
524 1131 583 1169 ad
622 1146 788 1170 manum
825 1134 977 1185 posita
1006 1134 1102 1173 est?
1139 1134 1211 1172 hic
1245 1148 1410 1189 quoque
1441 1151 1583 1177 occur-

219 1203 283 1241 rit
316 1204 523 1242 Oceanus.
582 1205 689 1243 Nisi
716 1207 858 1243 mavis
885 1220 1044 1253 errare,
1073 1208 1363 1257 pervenimus,
1393 1222 1476 1262 quo
1505 1218 1582 1249 tua

202 1273 400 1332 Jortzlntz
428 1277 565 1315 ducit.
634 1277 758 1316 Ilaec
795 1285 949 1326 tecum,
988 1292 1117 1330 quam
1154 1280 1247 1317 sine
1286 1288 1330 1318 te
1373 1296 1464 1320 cum
1495 1283 1645 1329 Itis-,15

215 1349 337 1402 loqui
374 1349 520 1395 malui,
569 1363 654 1389 non
698 1351 767 1388 uti
798 1350 952 1389 inirem
1001 1352 1322 1390 circumstantis
1359 1355 1578 1394 exercitus

213 1423 418 1473 gratiam,
459 1422 537 1460 sed
574 1431 624 1462 ut
665 1436 810 1462 vocem
846 1423 1111 1477 loquentium
1147 1425 1314 1477 potius,
1349 1440 1479 1480 quam
1506 1441 1576 1480 ge-

213 1496 399 1534 mitum²
427 1496 783 1534 murmurantium
813 1497 997 1535 audires.

150 1565 200 1605 13
296 1567 358 1607 Ut
385 1565 521 1607 finem
551 1566 737 1607 orationi
778 1564 955 1607 Coenus
994 1566 1219 1623 imposuit,
1257 1565 1426 1609 clamor
1451 1569 1641 1610 undi-16

210 1653 295 1694 que
334 1653 436 1680 cum
469 1638 644 1694 ploratu
687 1637 839 1687 oritur,
884 1654 1045 1694 regem,
1094 1648 1280 1694 patrem,
1324 1640 1570 1692 dominum,

208 1710 400 1751 confusis
438 1710 757 1766 appellantium
787 1709 980 1750 vocibus.
1038 1710 1220 1766 lamque
1250 1718 1294 1751 et
1324 1711 1393 1752 alii
1425 1713 1569 1761 duces,
1588 1730 1632 1756 17

202 1782 524 1838 praecipueque
562 1783 767 1828 seniores,
803 1781 898 1836 quis
941 1781 998 1821 ob
1037 1789 1227 1822 aetatem
1266 1789 1310 1822 et
1349 1785 1566 1826 excusatio

202 1853 431 1894 honestior
462 1862 567 1906 erat,
612 1861 656 1895 et
698 1852 937 1895 auctoritas
960 1854 1115 1904 maior,
1145 1854 1299 1894 eadem
1325 1856 1568 1910 precaban-

202 1933 286 1966 tur.
343 1926 418 1968 Ille
445 1942 528 1970 nec
567 1926 776 1984 castigare
812 1925 1066 1976 obstinatos,
1103 1942 1185 1968 nec
1215 1926 1415 1983 mitigare
1441 1935 1628 1984 pote-13

200 2007 270 2039 rat
297 1998 444 2040 iratos.
512 2001 667 2055 Itaque
706 1999 834 2053 inops
870 1997 1036 2039 consilii
1080 1999 1254 2040 desiluit
1288 2015 1310 2040 e
1341 1999 1563 2049 tribunali,

202 2071 432 2126 claudique
481 2071 648 2127 regiam
697 2069 842 2120 iussit,
890 2070 1096 2113 omnibus
1144 2079 1320 2128 praeter
1370 2080 1563 2115 assuetos

200 2144 320 2184 adire
359 2142 605 2198 prohibitis.
673 2143 868 2184 Biduum
906 2142 996 2184 irae
1036 2143 1190 2185 datum
1221 2151 1302 2184 est:
1330 2143 1462 2184 tertio
1490 2143 1558 2185 die
1578 2163 1624 2193 ¹9

197 2215 422 2271 processit,
456 2215 646 2273 erigique
689 2229 751 2256 ΧΠ
793 2229 888 2256 aras
924 2230 974 2256 ex
1017 2216 1230 2272 quadrato
1260 2230 1374 2266 saxo,
1405 2231 1563 2257 monu-

196 2294 398 2328 mentum
429 2287 717 2345 expeditionis
745 2303 860 2338 suae,
890 2287 1163 2330 munimenta
1194 2303 1369 2345 quoque
1401 2295 1564 2330 castro-

196 2374 298 2400 rum
327 2359 448 2400 iussit
473 2360 658 2411 extendi,
689 2361 934 2417 cubiliaque
962 2362 1183 2419 amplioris
1210 2361 1393 2409 formae,
1425 2376 1560 2416 quam

195 2447 277 2488 pro
320 2446 560 2488 corporum
597 2432 766 2483 habitu,
805 2433 1001 2490 relinqui,
1045 2442 1093 2474 ut
1134 2432 1325 2490 speciem
1356 2432 1556 2474 oxnnium

195 2513 381 2560 augeret,
412 2504 658 2561 posteritati
689 2505 813 2547 fallax
844 2506 1107 2548 miraculum
1136 2520 1416 2562 praeparans.

194 2642 210 2664 1
240 2642 302 2675 Lx
325 2641 476 2676 emend.
503 2642 612 2688 vulgo
640 2650 737 2676 sunt.
943 2642 964 2668 2
989 2654 1104 2689 quam
1132 2651 1172 2677 ut
1198 2644 1393 2688 gemitum.

1698 2086 1703 2146 l

1693 2725 1703 2760 ἐκ
