1703 2961
392 129 490 170 'DE
529 126 736 170 GESTIS
769 125 937 167 ALEx.
966 125 1036 173 111,
1071 126 1136 165 22.
1390 121 1444 164 25

185 244 331 284 Dareo
373 242 608 284 adventum
645 238 838 280 hostium
875 236 1014 295 pavidi
1056 243 1242 291 agrestes
1278 234 1429 277 nuntia
1455 237 1510 277 22
1548 279 1553 298 a

106 321 271 363 verunt,
312 314 378 355 vix
408 313 599 357 credenti
631 325 862 354 occurrere
892 309 1035 356 etiam,
1068 322 1177 363 quos
1209 315 1257 349 ut
1285 307 1447 363 fugien-

38 397 82 424 25
102 392 163 426 tes
199 386 470 442 sequebatur.
526 385 642 439 Ergo
675 397 765 423 non
790 380 1021 423 mediocris
1051 379 1249 420 omnium
1280 380 1449 420 animos

98 456 291 498 formido
345 457 616 511 [incesserat:
640 454 682 510 ¹]
737 454 896 511 quippe
926 452 1067 494 itineri
1111 466 1244 507 quarn
1280 450 1451 507 proelio

102 529 290 585 aptiores
333 537 474 569 erant.-
510 528 756 584 raptimque
787 539 908 566 arma
939 523 1180 579 capiebant.
1242 522 1329 563 Sed
1358 521 1450 578 ipsa

100 600 318 641 festinatio
356 598 691 641 discurrentium
728 612 913 653 suosque
950 595 1004 637 ad
1047 609 1165 635 arma
1197 592 1451 635 vocantium

40 680 89 708 26
102 671 312 712 maiorem
351 680 519 712 metum
556 669 743 713 incussit.
804 669 886 710 Alii
916 668 959 709 in
989 667 1136 723 iugum
1163 665 1327 706 montis
1359 680 1453 705 eva-

100 749 264 792 serant,
299 749 346 783 ut
383 742 577 783 hostium
615 756 770 798 agmen
809 740 909 781 inde
936 739 1256 796 prospicerent:
1316 751 1453 794 equos

100 813 293 870 plerique
331 813 576 855 frenabant.
644 812 823 855 Discors
858 812 1078 860 exercitus,
1118 826 1198 850 nec
1228 809 1284 850 ad
1312 822 1453 849 unum

102 885 294 926 intentus
333 886 579 941 imperium,
623 885 743 925 vario
783 883 974 924 tumultu
1005 889 1162 924 cuncta
1192 881 1454 922 turbaverat.

44 956 273 998 27Dareus
322 956 444 998 initio
490 957 638 1013 iugum
673 957 836 998 montis
863 957 883 980 ²
926 969 1028 997 cum
1063 961 1188 1011 parte
1224 952 1455 1010 copiarum

107 1042 323 1083 occupare
361 1027 524 1075 statuit,
562 1036 603 1069 et
641 1043 665 1069 a
691 1028 837 1069 fronte
867 1035 911 1068 et
943 1041 965 1068 a
995 1034 1116 1082 tergo
1149 1025 1456 1068 circumiturus

105 1097 289 1148 hostem,
327 1114 350 1139 a
386 1100 496 1140 mari
536 1114 722 1156 quoque,
764 1114 851 1156 quo
881 1098 1084 1140 dextrum
1113 1097 1204 1139 eius
1229 1111 1367 1139 cornu
1395 1103 1458 1136 te-

45 1183 91 1210 κε
109 1170 302 1226 gebatur,
342 1170 446 1211 alios
487 1171 749 1222 obiecturus,
786 1178 836 1212 ut
868 1171 1063 1228 undique
1093 1176 1277 1225 urgeret.
1331 1168 1459 1210 Prae-

102 1249 170 1282 ter
217 1241 326 1284 haec
374 1242 521 1299 viginti
561 1243 679 1284 milia
722 1242 957 1299 praemissa
999 1257 1101 1285 cum
1135 1240 1458 1297 sagittariorum

102 1328 250 1363 manu⁷
282 1313 489 1355 Pinarum
519 1329 708 1364 amnem,
740 1315 814 1372 qui
847 1315 934 1356 duo
964 1313 1134 1370 agmina
1165 1311 1458 1358 interfluebat,

103 1385 298 1436 transire,
339 1393 383 1427 et
422 1386 611 1428 obiicere
639 1402 730 1429 sese
759 1386 1059 1429 Macedonum
1092 1384 1226 1441 copiis
1257 1383 1459 1425 iusserat:

107 1457 140 1498 si
170 1457 214 1498 id
253 1465 472 1514 praestare
510 1474 602 1500 non
637 1466 828 1515 possent,
868 1457 1146 1499 retrocedere
1187 1455 1231 1496 in
1272 1461 1459 1504 montes,

46 1535 152 1571 29et
184 1529 355 1571 occulte
393 1529 624 1571 circumire
665 1529 842 1570 ultimos
877 1529 1082 1570 hostium.
1153 1525 1364 1568 Ceterum
1390 1526 1461 1566 de-

107 1600 263 1640 stinata
302 1599 530 1641 salubriter
561 1600 683 1641 omni
719 1601 889 1641 ratione
923 1598 1148 1657 potentior
1170 1597 1348 1639 fortuna
1381 1596 1463 1638 dis-

110 1672 260 1713 cussit:
306 1671 467 1728 quippe
514 1672 582 1712 alii
617 1687 722 1728 prae
757 1679 881 1713 metu
917 1671 1152 1728 imperium
1189 1668 1340 1725 exequi
1369 1682 1462 1708 non

49 1743 340 1793 30audebant,
379 1743 448 1783 alii
485 1743 645 1784 frustra
684 1744 1019 1801 exequebantur,
1060 1742 1172 1799 quia,
1211 1741 1287 1782 ubi
1315 1746 1462 1797 partes

110 1813 271 1865 labant,
305 1829 477 1855 summa
513 1815 731 1857 turbatur.
1079 1800 1081 1802 ι

51 1900 107 1931 lx.
193 1886 320 1928 Acies
353 1893 502 1927 autem
536 1886 623 1928 hoc
659 1887 796 1929 modo
832 1888 962 1929 stetit.
1025 1886 1304 1929 Nabarzanes
1343 1882 1526 1940 equi÷23

111 1963 206 1998 tatu
247 1957 447 1998 dextrum
481 1973 619 2000 cornu
655 1960 874 2008 tuebatur,
909 1959 1065 2001 additis
1099 1957 1375 1999 funditorum
1401 1969 1466 1996 sa-

63 2050 82 2073 2
111 2029 474 2086 gittariorumque
509 2030 788 2086 vigintifere
824 2018 1007 2074 milibus.
1071 2031 1122 2071 In
1159 2028 1317 2070 eodem
1348 2027 1466 2083 Thy-

112 2100 266 2142 modes
295 2108 399 2150 erat,
443 2101 622 2144 Graecis
656 2102 875 2159 peditibus
903 2102 1107 2144 mercede
1140 2099 1368 2143 conductis
1392 2098 1466 2140 tri⁴

114 2172 231 2229 ginta
260 2173 431 2215 milibus
462 2174 748 2230 praepositus.
805 2176 904 2217 Hoc
933 2181 1025 2216 erat
1051 2173 1170 2214 haud
1200 2171 1332 2232 dubie
1350 2172 1367 2199 3
1395 2185 1466 2212 ro·-

66 2254 84 2284 3
115 2244 200 2284 hur
240 2244 470 2295 exercitus,
528 2261 608 2302 par
637 2246 950 2288 Macedonicae
987 2244 1189 2302 phalangi
1226 2243 1350 2286 acies.
1412 2243 1466 2284 In

113 2315 235 2357 laevo
278 2331 418 2359 cornu
454 2318 751 2360 Aristomedes
785 2317 1013 2360 Thessalus
1046 2315 1193 2373 viginti
1221 2314 1341 2356 milia
1367 2314 1466 2356 bar·

115 2387 325 2429 batorum
372 2388 570 2444 peditum
616 2389 822 2432 habebat.
885 2391 937 2432 In
973 2388 1170 2432 subsidiis
1203 2385 1466 2445 pugnacissi-

1313 2457 1320 2472 .

116 2569 134 2593 1
161 2581 234 2602 non
263 2579 319 2603 esc
344 2569 412 2604 hoc
436 2571 592 2607 verbum
617 2574 658 2608 in
685 2571 794 2608 codd.
821 2583 905 2608 mss.
1105 2571 1128 2599 2
1153 2569 1294 2606 montis
1319 2568 1463 2619 iugum.

205 2622 224 2651 3
262 2622 432 2659 dubium.
