1703 2961
148 428 166 441 Ἴ

143 442 170 467 ι.)

208 169 288 211 158
630 183 633 186 <
657 165 714 221 Q.
733 163 952 208 4(ΙΠΜἪ
979 153 1132 209 flurs

207 278 327 321 haud
355 277 540 334 amplius
572 275 752 318 mille:¹·
784 285 981 320 ceterum
1011 277 1079 319 vix
1108 262 1338 337 quisquam
1363 281 1443 323 nisi
1475 297 1568 324 sau-

209 351 299 393 ci'us
328 349 506 391 revertit
533 349 576 390 in
608 357 760 391 castra.
979 403 981 405 Ι
1210 351 1211 354 ’

289 424 409 464 Haec
448 421 629 463 victoria
666 437 756 462 non
792 421 1000 478 Spartam
1026 423 1163 464 modo
1205 425 1433 482 sociosque
1463 425 1567 473 eius,

201 497 276 537 sed
309 495 440 535 etiam
472 508 637 539 omnes,
674 492 746 549 qui
780 492 1003 535 fortunam
1026 495 1123 535 belli
1151 504 1467 552 spectaverant,
1486 496 1568 538 fre-

201 568 277 624 git,
339 567 433 608 Nec
468 564 648 605 fallebat
693 565 995 622 Antipatrum,
1045 567 1272 610 dissentire
1315 569 1369 610 ab
1411 569 1622 614 animis17

203 638 517 696 gratulantium
551 638 713 686 vultus;
755 637 828 678 sed
870 638 1032 679 bellum
1074 639 1198 681 finire
1235 641 1428 697 cupienti
1459 656 1569 698 opus

205 718 299 752 erat
332 709 488 766 decipi.
559 709 618 750 Et
658 710 928 767 quamquam
965 710 1143 752 fortuna
1176 727 1325 753 rerum
1354 712 1569 769 placebat,

204 782 414 824 invidiam
444 789 606 830 tamen,
648 781 748 838 quia
788 783 977 823 maiores
1016 798 1084 824 res
1120 792 1255 834 erant,
1303 799 1434 841 quam
1464 799 1570 841 quas

203 854 415 912 praefecti
453 854 612 894 modus
653 861 842 910 caperet,
877 852 1117 896 metuebat.
1179 856 1355 912 Quippe
1387 856 1630 902 Alexan-193

204 929 283 970 der
313 915 460 968 hostes
502 926 615 966 vinci
658 925 880 984 yolum-at,
920 927 1204 983 Antipatrum
1232 927 1398 976 vicisse,
1429 943 1484 970 ne
1508 935 1570 969 ta-

205 1001 314 1043 citus
343 1000 519 1057 quidem
551 999 872 1054 indignabatur,
905 1014 1005 1039 suae
1039 999 1270 1057 demptum
1296 987 1457 1057 gloriae
1488 1000 1573 1042 exi-

205 1073 400 1118 stimans,
443 1071 649 1129 quicquid
683 1071 874 1112 cessisset
906 1066 1086 1112 alienae.
1145 1074 1296 1130 Itaque
1325 1073 1634 1130 Antipater,19

207 1146 279 1204 qui
318 1145 457 1202 probe
491 1150 637 1184 nosset
675 1143 888 1198 spiritus2
931 1142 1031 1192 eius,
1073 1160 1165 1186 non
1215 1152 1279 1186 est
1311 1155 1447 1186 'ausus
1480 1145 1570 1201 ipse

151 1227 169 1252 ⁷:
208 1233 333 1275 agere
393 1215 569 1257 arbitria
608 1214 836 1275 victoriae,
880 1214 954 1255 sed
995 1216 1231 1257 concilium
1281 1216 1569 1265 Graecorum,

148 1942 173 1986 4

208 1287 313 1350 quid
342 1288 432 1330 fieri
471 1286 676 1344 placeret,
719 1286 948 1351 consuluit7
1018 1288 1056 1327 A
1096 1303 1183 1344 quo
1219 1286 1635 1338 Lacedaemonii,20

206 1352 317 1405 nihil
349 1360 463 1401 aliud
496 1374 628 1416 quam
667 1366 715 1399 ut
756 1364 954 1399 oratores
994 1358 1169 1399 mittere
1212 1359 1267 1399 ad
1298 1374 1446 1415 regem
1475 1360 1572 1402 lice-

207 1443 287 1483 ret,
338 1433 590 1488 Tegeatae³
630 1430 804 1471 veniam
856 1429 1113 1471 defectionis
1159 1439 1335 1487 praeter
1372 1439 1574 1474 auctores

207 1509 570 1564 impetraverunt.
637 1502 1020 1559 Megalepolitanis,
1048 1518 1240 1559 quorum
1267 1503 1370 1545 urbs
1403 1504 1575 1545 obsessa

211 1588 305 1622 erat
336 1595 358 1620 a
390 1574 646 1619 defectionis
685 1574 824 1623 sociis,
865 1573 1031 1616 Achaei
1070 1582 1113 1615 et
1139 1575 1271 1616 Eiei4
1303 1588 1385 1616 cxx
1412 1576 1572 1617 talenta

206 1654 316 1695 ‘dare
350 1650 447 1692 iussi
488 1655 602 1689 sunt.
670 1647 751 1689 Hic
787 1646 870 1688 fuit
907 1647 1042 1688 exitus
1083 1647 1196 1697 belli,
1236 1649 1356 1704 quod
1393 1656 1574 1705 repente
1590 1671 1634 1694 21

211 1732 374 1772 ortum,
414 1721 532 1778 prius
566 1727 716 1760 tamen
754 1716 928 1759 finitum
966 1726 1040 1769 est,
1079 1733 1213 1776 quam
1251 1719 1450 1762 Dareum
1479 1722 1576 1764 Ale-

208 1797 375 1840 xander
401 1794 518 1852 apud
545 1791 705 1833 Arbela
731 1798 968 1845 superaret.

297 1936 384 1979 Sed
419 1941 468 1975 ut
507 1933 705 1990 primum
740 1930 1002 1972 instantibus
1039 1931 1152 1973 curis
1187 1931 1352 1973 laxatus
1393 1939 1458 1974 est
1489 1932 1630 1979 aniuu,

204 2027 323 2060 mus,
358 2007 615 2049 militarium
656 2018 805 2045 rerum
840 2018 973 2059 quam
1020 2004 1172 2060 quietis
1211 2005 1372 2061 otiique
1411 2005 1576 2059 patien-

211 2085 310 2133 tior,
347 2093 556 2136 excepere
592 2092 695 2119 eum
731 2075 989 2130 voluptates,
1031 2084 1074 2117 et
1112 2092 1243 2133 quem
1271 2091 1393 2117 arma
1426 2077 1575 2118 Persa-

209 2171 312 2197 rum
344 2169 436 2194 non
475 2151 708 2207 fregerant,
744 2147 845 2188 vitia
888 2147 1110 2189 vicerunt:
1140 2148 1441 2204 intempestiva
1473 2162 1574 2191 con·
1605 2173 1625 2194 2

208 2228 346 2276 vivia,
389 2232 432 2266 et
479 2221 743 2280 perpotandi
782 2219 1151 2278 pervigilandique
1190 2220 1339 2262 insana
1377 2220 1577 2272 dulcedo,

217 2412 235 2436 1
262 2421 341 2445 000,
503 2403 524 2429 2
549 2403 735 2450 spiritum.
882 2402 900 2432 3
925 2402 988 2436 De
1015 2404 1255 2436 coniectura:
1284 2401 1404 2437 codd.
1429 2403 1573 2449 precati

208 2457 215 2463 ⁹
303 2469 446 2509 gemae,
473 2459 582 2504 vulgo
608 2458 765 2503 precati,
794 2460 930 2490 omisso
951 2457 1080 2490 altero
1107 2455 1300 2489 vocabulo.
1464 2458 1485 2486 4
1512 2458 1574 2491 De

304 2520 540 2552 coniectura.
589 2512 735 2558 Vulgo:
777 2511 1121 2557 Megalopolitanis,
1167 2523 1329 2556 quorum
1370 2511 1459 2545 urbs
1495 2520 1573 2545 erat

307 2573 459 2605 obsessa
484 2580 505 2601 a
536 2567 770 2608 defectione,
796 2565 956 2598 Achaeis
986 2572 1021 2599 et
1038 2565 1193 2599 Aetolis.
1222 2564 1344 2599 Codri.
1375 2575 1476 2612 ομιτ.
1495 2567 1576 2599 Me-

307 2622 568 2672 galepolitani,
606 2632 769 2668 quorum
797 2619 886 2654 urbs
921 2620 1131 2654 obsesserat
1173 2629 1195 2653 a
1232 2617 1462 2654 defectionis
1500 2620 1578 2654 eius

308 2679 421 2714 achas
452 2676 554 2711 eteli.
1358 2679 1364 2685 ⁰

1691 1143 1703 1255 l
