1703 2961
255 138 339 179 282
717 133 772 190 Q.
797 134 1002 178 CURTn
1030 135 1171 180 mm
1701 129 1703 182 ἓ

1701 446 1703 462 1

1700 472 1703 483 <

1701 497 1703 513 ι

1701 587 1703 609 A

1700 614 1703 652 ῑ

1700 671 1703 692 1

254 249 367 292 nisse
406 251 693 303 cognoscunt.
757 247 942 304 Iamque
985 262 1060 289 rex
1105 248 1313 292 eduxerat
1359 250 1528 308 copias,
1569 258 1703 294 etio<

252 319 431 364 moenia
468 318 711 363 obsidebat,
742 332 846 360 cum
885 316 1080 361 hostium
1118 320 1192 377 qui
1231 321 1466 364 discrimen
1502 330 1613 365 tem-

253 398 485 452 ptaverant
519 390 667 432 obruti
690 389 785 432 telis
806 396 920 432 sunt.
953 391 1058 433 Aliis
1083 406 1184 449 ergo
1214 393 1497 443 deditionem,
1521 396 1613 437 aliis

252 480 447 524 pugnam
474 462 657 520 experiri
688 461 913 519 placebat:
953 478 1144 520 quorum
1180 464 1455 508 dubitatione
1493 483 1613 509 com-
1650 499 1651 502 η

251 545 388 595 perta,
427 533 728 578 circumsideri
760 540 936 576 tantum
974 549 1061 585 eos,
1101 543 1143 578 et
1171 536 1377 577 abstineri
1406 532 1613 581 caedibus

252 609 386 652 iussit.
447 605 738 662 Tandemque
771 605 1010 649 obsidionis
1041 608 1166 650 malis
1206 607 1373 664 fatigati
1407 609 1614 651 dedidere

252 697 311 724 se.
369 680 410 721 A
438 677 599 720 Libero
627 677 755 718 Patre
795 678 999 720 conditos
1027 693 1071 720 se
1101 695 1190 722 esse
1219 680 1448 728 dicebant;
1475 688 1519 722 et
1547 698 1671 723 ve-1t

251 769 300 795 ra
334 753 446 794 haec
486 749 608 806 origo
651 755 757 790 erat.
828 749 919 792 Sita
955 757 1020 791 est
1069 753 1148 794 sub
1182 752 1400 794 radicibus
1436 753 1676 802 montis,12

253 839 388 884 quem
423 822 584 865 Meron
626 819 797 862 incolae
832 821 1069 878 appellant.
1135 824 1242 865 Inde
1292 822 1452 866 Graeci
1489 840 1617 866 mena

249 897 388 942 tiendi
416 902 584 937 traxere
612 892 846 943 licentiam,
867 893 978 934 Iovis
1005 892 1170 936 femine
1201 893 1411 936 Liberum
1439 895 1614 938 Patrem

251 986 341 1014 esse
383 968 588 1011 celatum.

188 1046 243 1089 36
337 1043 444 1087 Rex,
472 1040 556 1081 situ
589 1037 752 1079 montis
774 1036 950 1094 cognito
980 1053 1031 1079 ex
1058 1037 1224 1089 incolis,
1257 1055 1359 1080 cum
1379 1046 1475 1080 toto
1499 1053 1613 1080 exer·
1631 1055 1677 1083 13

252 1117 357 1162 citu,
390 1109 636 1170 praemissis
675 1109 1010 1162 commeatibus,
1038 1110 1249 1151 verticem
1282 1111 1370 1152 eius
1402 1111 1612 1152 ascendit.

249 1188 392 1232 Multa
435 1184 597 1225 hedera
637 1181 820 1238 vitisque
861 1188 957 1222 toto
1004 1181 1192 1238 gignitur
1232 1190 1407 1233 monte3
1447 1182 1613 1223 multae

249 1273 466 1320 perennes
496 1268 634 1311 aquae
663 1261 859 1295 manant.
930 1254 1174 1294 Pomorum
1206 1270 1382 1311 quoque
1414 1253 1518 1293 varii
1549 1268 1674 1299 sa-14

249 1333 484 1386 lubresque
506 1324 625 1368 succi
652 1331 765 1372 sunt,
795 1339 871 1366 sua
904 1332 1061 1380 sponte
1082 1324 1371 1366 fortuitorum
1390 1324 1610 1366 seminum

250 1406 395 1460 fruges
424 1401 565 1441 humo
593 1396 828 1438 nutriente.
895 1396 1026 1437 Lauri
1055 1396 1366 1454 baccarisque¹
1404 1396 1540 1437 multa
1570 1396 1614 1437 in

249 1477 329 1520 illis
368 1472 551 1527 rupibus
596 1469 773 1525 agrestis
814 1476 878 1510 est
915 1468 1029 1510 silva.
1090 1467 1237 1510 Credo
1276 1468 1495 1524 equidem,
1524 1483 1614 1509 non
1633 1489 1677 1516 ις

249 1548 395 1592 divino
428 1542 648 1591 instinctu,
684 1541 759 1582 sed
793 1540 964 1583 lascivia
1005 1555 1095 1581 esse
1136 1547 1392 1596 provectos,
1442 1548 1490 1581 ut
1519 1555 1613 1596 pas-

250 1622 333 1664 sim
358 1617 549 1660 hederae
584 1628 636 1655 ac
674 1613 829 1654 vitium
867 1613 971 1654 folia
1004 1612 1303 1668 decerperent,
1333 1612 1613 1670 redimitique

248 1693 409 1738 fronde
447 1695 546 1730 toto
575 1699 759 1726 nemore
791 1685 952 1728 similes
988 1682 1309 1726 bacchantibus
1339 1693 1611 1740 vagarentur.

246 1763 447 1807 Vocibus
483 1773 586 1814 ergo
628 1763 697 1799 tot
743 1757 933 1807 milium,
978 1756 1225 1812 praesidem
1280 1757 1474 1799 nemoris
1518 1759 1671 1800 eius16

247 1839 383 1882 deum
422 1829 716 1879 adorantium,
757 1829 853 1886 iuga
892 1828 1060 1871 montis
1087 1828 1304 1885 collesque
1331 1829 1608 1879 resonabant,

247 1925 351 1954 cum
385 1913 481 1948 orta
521 1901 695 1944 licentia
734 1916 757 1942 a
794 1901 958 1957 paucis,
995 1909 1044 1942 ut
1084 1899 1176 1942 fere
1214 1900 1274 1950 fit,
1312 1900 1357 1941 in
1386 1915 1540 1942 omnes
1565 1915 1609 1942 se

243 1987 425 2040 repente
454 1975 679 2032 vulgasset.
751 1972 926 2029 Quippe
959 1973 1077 2016 velut
1115 1973 1159 2014 in
1203 1972 1347 2014 media
1375 1987 1496 2029 pace,
1523 1987 1602 2028 per
1622 1992 1665 2019 17

242 2055 404 2098 herbas
441 2047 778 2107 aggestamque²
819 2044 1024 2087 frondem
1057 2045 1365 2103 prostravere3
1403 2058 1608 2100 cor-pora.

242 2128 302 2169 Et
333 2141 408 2166 rex
444 2120 677 2163 fortuitam
722 2117 970 2159 laetitiam4
1017 2134 1109 2159 non
1139 2124 1370 2166 aversatus,
1406 2115 1521 2172 large
1552 2115 1606 2156 ad

242 2199 390 2255 epulas
430 2192 635 2235 omnibus
670 2189 892 2247 praebitis,
917 2205 996 2246 per
1027 2191 1184 2232 decem
1217 2190 1306 2232 dies
1340 2188 1498 2229 Libero
1526 2187 1604 2228 Pa-
1690 2240 1691 2245 1

241 2271 298 2313 tri
330 2274 564 2326 operatum
594 2264 749 2305 habuit
777 2262 1030 2306 exercitum.
1087 2263 1197 2318 Quis
1228 2268 1367 2318 neget,
1397 2259 1599 2307 eximiam
1618 2281 1661 2308 18
1688 2259 1691 2301 ,¹

244 2356 420 2400 quoque
460 2337 645 2394 gloriam
684 2335 852 2392 saepius
894 2335 1112 2386 fortunae,
1144 2349 1277 2392 quam
1309 2332 1493 2382 virtutis,
1519 2346 1608 2373 esse
1688 2324 1691 2327 Δ

245 2411 537 2458 beneficium?
573 2408 736 2466 quippe
772 2423 827 2451 ne
869 2407 1094 2464 epulantes
1136 2407 1316 2465 quidem
1363 2412 1408 2446 et
1443 2404 1609 2461 sopitos

250 2593 264 2616 ¹
293 2588 407 2624 Lauri
431 2587 651 2631 baccaeque
680 2591 718 2617 et
744 2585 874 2617 mulla.
966 2583 986 2610 2
1014 2589 1321 2628 congestamque,
1402 2579 1421 2611 3
1446 2585 1608 2626 prastaa-

342 2649 486 2676 verant.
625 2640 646 2669 4
681 2638 892 2672 licentiam.
