1703 2961
398 162 480 204 DE
511 160 724 206 GESTIS
754 161 921 205 ALEX.
955 162 1155 210 V111,26.
1379 164 1460 209 275

94 277 195 325 lum,
237 286 467 332 antequam
510 288 590 317 rex
625 290 773 323 essem,
812 277 976 318 hostem
1021 291 1112 317 meo
1153 276 1296 330 capiti
1308 274 1459 333 fuisse

94 351 362 391 meministis.
407 349 551 390 Clitus
569 349 731 388 utinam
763 363 847 389 non
873 349 1087 403 coegisset
1115 363 1180 387 me
1200 350 1288 389 sibi
1306 352 1453 390 irasci.

96 423 229 462 Cuius
268 424 543 462 temerariam
584 421 773 474 linguam
812 422 973 474 probra
1019 422 1236 461 dicentis¹
1274 425 1382 462 mihi
1409 433 1454 464 et

89 495 218 535 vobis
255 495 425 535 dintius
464 495 559 540 tuli,
597 509 723 549 quam
763 493 837 533 ille
872 494 1020 534 eadem
1048 509 1112 532 me
1141 494 1353 534 dicentem
1383 505 1452 535 tu-

41 575 60 604 8
91 567 222 606 lisset.
289 569 457 620 Regum
505 568 738 620 ducumque
783 566 1010 607 clementia
1047 581 1131 607 non
1171 567 1217 606 in
1257 568 1452 620 ipsorum

40 671 43 673 -
86 641 230 688 modo,
264 641 344 679 sed
381 640 512 680 etiam
550 642 597 680 in
622 639 807 688 illorum,
838 642 915 695 qui
941 648 1110 692 parent,
1142 640 1330 693 ingeniis
1358 643 1452 681 sita

86 722 164 752 est.
224 713 435 766 Obsequio
475 714 734 767 mitigantur
777 714 983 766 imperia:
1021 711 1095 750 ubi
1121 725 1226 753 vero
1257 727 1447 754 reveren-

85 787 155 826 tia
195 786 384 825 excessit
422 787 594 834 animis,
632 795 677 826 et
712 801 879 826 summa
919 786 1020 825 imis
1050 781 1369 843 confimdimus,
1399 788 1450 827 vi

89 872 197 912 opus
227 867 306 905 est,
337 867 388 898 ut
412 859 503 897 vim
533 858 801 910 repellamus.

35 934 57 967 9
174 932 261 970 Sed
287 931 395 985 quid
422 945 500 983 ego
533 932 672 980 mirer,
702 932 834 971 istum
863 929 1163 970 crudelitatem
1194 931 1302 970 mihi
1331 931 1506 976 ahie-27

84 1004 209 1052 cisse,
247 1006 322 1059 qui
360 1005 602 1043 avaritiam
641 1003 904 1057 exprobrare
941 1017 1071 1042 ausus
1098 1003 1191 1042 sit?
1212 1003 1332 1043 Νοῖο
1362 1004 1447 1043 sin·

81 1078 207 1130 gulos
235 1088 427 1118 vestrum
456 1078 663 1123 excitare,
694 1093 745 1118 ne
774 1078 961 1117 invisam
980 1074 1291 1114 liberalitatem
1312 1090 1446 1116 meam

67 1146 255 1206 faciam,
286 1151 328 1189 si
354 1151 518 1204 pudori
541 1160 688 1190 vestro
719 1164 899 1202 gravem
926 1146 1087 1205 fecero.
1138 1149 1177 1187 T
1173 1157 1292 1188 otum
1325 1164 1443 1189 exer-

81 1224 214 1262 citum
245 1224 459 1276 aspicite:
489 1223 565 1278 qui
592 1223 725 1277 paulo
756 1233 855 1263 ante
883 1221 993 1263 nihil
1020 1232 1194 1274 praeter
1222 1236 1344 1261 arma
1371 1224 1443 1262 ha-

84 1294 221 1343 bebat,
253 1310 361 1335 nunc
398 1298 617 1349 argenteis
657 1295 787 1337 cubat
822 1296 949 1336 lectis
957 1311 974 1344 ,·
1016 1309 1182 1334 mensas
1210 1309 1318 1335 auro
1349 1310 1443 1336 one·

83 1379 194 1415 rant,
220 1382 437 1410 servorum
473 1384 626 1423 greges
664 1370 838 1417 ducunt,
876 1368 1023 1422 spolia
1062 1366 1112 1407 de
1149 1367 1348 1408 hostibus
1377 1383 1443 1408 su-

46 1443 243 1482 ostiuere
278 1457 362 1482 non
393 1452 587 1494 possunt.
651 1444 714 1483 At
751 1444 862 1483 enim
902 1441 1076 1488 Persae,
1107 1453 1214 1495 quos
1242 1441 1442 1491 vicimus,

81 1517 128 1555 in
153 1530 308 1568 magno
337 1516 497 1556 lzonore
522 1523 624 1555 sunt
652 1517 773 1570 apud
801 1517 892 1556 me!
935 1513 1154 1570 Equidem
1185 1514 1445 1556 moderacio-

81 1590 150 1628 nis
188 1604 304 1628 meae
351 1589 640 1629 certissimum
689 1589 899 1629 indicium
936 1597 1020 1635 est,
1069 1587 1186 1641 quod
1219 1602 1271 1626 ne
1305 1589 1445 1628 victis

81 1663 255 1716 quidem
301 1661 481 1715 superbe
520 1663 697 1714 impero.
767 1660 882 1703 Veni
915 1663 1026 1701 enim
1065 1663 1111 1700 in
1147 1661 1322 1707 Asiam,
1358 1675 1444 1701 non

82 1744 132 1774 ut
152 1732 368 1791 funditus
405 1743 640 1775 everterem
676 1743 841 1787 gentes,
880 1749 956 1774 nec
983 1744 1033 1774 ut
1062 1733 1250 1773 dimidia
1277 1732 1440 1786 parte³

76 1817 294 1854 *terrarum
323 1808 603 1849 solitudinem
618 1803 831 1865 facerem,
862 1808 941 1847 sed
968 1817 1018 1848 ut
1047 1807 1196 1853 ἰᾶσι-,4
1223 1820 1331 1861 quos
1359 1805 1444 1846 bel-

52 1882 127 1922 ¹lo
157 1881 431 1933 subegissem,
460 1883 678 1923 victoriae
714 1893 830 1919 meae
860 1894 944 1921 non
971 1882 1228 1934 poeniteret.
1286 1881 1444 1934 Itaque
1487 1926 1490 1927 ⁷

85 1954 282 1994 militant
311 1955 542 2003 vobiscum,
572 1970 651 2007 pro
672 1954 856 2004 imperio
886 1962 1035 1994 vestro
1064 1954 1314 2005 sanguinem
1330 1948 1443 2008 sun-

83 2029 205 2074 dunt,
236 2029 312 2080 qui
352 2028 530 2080 superbe
568 2026 710 2066 habiti
746 2025 1036 2082 rebellassent.
1103 2027 1208 2066 IVon
1252 2033 1320 2064 est
1349 2025 1444 2063 diu-

84 2110 212 2140 turna
237 2103 470 2153 possessio,
508 2102 555 2140 in
590 2114 719 2154 quam
749 2098 902 2152 gladio
933 2100 1194 2140 inducimur:
1223 2096 1444 2155 beneficio-

0 2207 6 2212 .
56 2185 179 2213 2rum
220 2174 369 2226 gratia
415 2175 676 2226 sempiterna
725 2181 803 2213 est.
876 2173 928 2213 Si
962 2171 1118 2211 habere
1152 2171 1323 2217 Asiam,
1361 2185 1446 2210 non

0 2269 10 2292 ς.
56 2248 270 2286 -transire
308 2246 518 2294 volumus,
561 2261 654 2285 cum
688 2247 759 2285 his
803 2245 1159 2286 communicanda
1191 2253 1258 2283 est
1294 2245 1448 2283 nostra

86 2319 333 2368 clementia‚·
372 2320 521 2359 horum
545 2318 669 2375 fides
697 2318 855 2359 stabile
885 2327 929 2358 et
957 2326 1173 2356 aeternum
1197 2312 1342 2373 faciet
1370 2317 1447 2354 im-

86 2393 265 2445 perium.
325 2394 392 2433 Et
432 2406 533 2432 sane
571 2392 670 2444 plus
705 2393 920 2440 habemus,
949 2405 1078 2445 quam
1108 2391 1315 2442 capimus.
1374 2390 1446 2428 In-

87 2464 307 2505 satiabilis
350 2474 493 2506 autem
537 2467 757 2506 avaritiae
795 2475 883 2513 est,
923 2465 1066 2505 adlzuc
1103 2463 1283 2516 implere
1320 2461 1446 2510 velle,

91 2602 109 2626 1
136 2601 341 2635 dicentem.
448 2622 451 2623 ν
475 2604 495 2629 2
519 2616 646 2650 greges
671 2615 881 2639 servorum.
1014 2598 1034 2632 3
1062 2598 1264 2635 dimidiam
1287 2605 1449 2646 partem.

176 2659 196 2688 4
222 2657 309 2691 illos
336 2669 545 2704 quoque.

1098 2717 1185 2758 52
