1703 2961
467 147 549 189 DE
594 146 804 190 GEsris
844 147 1011 190 ALssx.
1049 149 1102 199 x,
1131 146 1171 192 7.
1416 145 1495 188 351

137 260 278 303 laetus
318 260 362 301 in
399 259 628 314 Europam
666 258 911 300 traiiciendi
949 259 1178 302 consilium
1216 256 1388 298 omisit:
1424 256 1501 299 sed

137 334 290 382 exules,
330 338 504 389 praeter
542 345 627 379 cos,
666 331 739 386 qui
782 330 893 371 civili
924 332 1129 386 sanguine
1171 330 1330 386 aspersi
1362 336 1501 377 erant,

136 405 271 461 recipi
314 405 367 445 ab
410 403 614 444 omnibus
656 400 934 443 Graecorum
976 401 1233 450 civitatibus,
1272 401 1365 457 quis
1393 401 1503 456 pulsi

87 493 103 520 s
139 484 277 523 erant,
309 476 437 517 iussit.
486 476 542 516 Et
565 473 735 523 Graeci,
764 473 885 514 haud
918 472 1007 514 ausi
1039 472 1271 527 imperium
1303 488 1506 529 asperna-

138 548 187 596 ri,
219 563 487 605 quamquam
523 546 830 588 solvendarum
860 544 1004 602 legum
1033 545 1076 586 id
1109 545 1375 602 principium
1408 561 1501 587 esse

141 621 398 670 censebant,
440 619 557 660 bona
598 632 800 675 quoque,
836 632 949 673 quae
998 624 1217 666 extarent,
1275 617 1504 658 restituere

87 704 112 733 6
142 691 372 734 damnatis.
438 690 527 732 Soli
565 689 865 739 Athenienses,
906 704 997 730 non
1027 705 1129 730 suae
1158 690 1310 740 modo,
1339 690 1415 730 sed
1445 696 1506 730 et-

139 763 226 804 iam
255 762 457 819 publicae
497 762 689 804 vindices
728 761 1013 816 [liberatis]‚¹
1055 761 1351 803 colluvionem
1390 760 1506 803 ordi-

139 838 285 876 num²
319 834 554 876 hominum
596 833 696 890 quia
739 848 867 889 aegre
911 832 1124 884 ferebant,
1153 849 1244 874 non
1274 833 1394 889 regio
1426 832 1506 873 im-

140 907 279 961 perio,
310 906 384 947 sed
416 906 578 961 legibus
598 905 883 961 moribusque
914 906 1066 961 patriis
1097 906 1185 962 regi
1215 906 1384 954 assueti,
1404 919 1506 961 pro-

90 1000 107 1025 7
144 978 326 1019 hibuere
350 977 522 1024 finibus,
555 977 701 1018 omnia
728 978 874 1031 potius
905 978 1148 1026 toleraturi,
1187 993 1320 1035 quam
1351 991 1507 1033 purga-

142 1058 290 1091 menta
333 1050 560 1107 quondam
599 1050 719 1091 urbis
748 1065 863 1099 suae,
896 1057 1003 1092 tunc
1034 1050 1167 1091 etiam
1194 1049 1319 1100 exilii,
1349 1048 1508 1090 admit-

140 1129 298 1163 terent.

90 1213 108 1240 8
221 1193 478 1242 Alexander,
511 1193 755 1235 senioribus
785 1194 976 1235 militum
1008 1193 1053 1235 in
1080 1193 1271 1250 patriam
1300 1194 1501 1245 remissis,

140 1265 355 1306 tredecim
389 1264 506 1306 milia
554 1266 757 1321 peditum
795 1274 837 1307 et
877 1266 965 1307 duo
1006 1266 1124 1307 milia
1155 1266 1367 1323 equitum,
1395 1283 1506 1323 quae

140 1338 186 1378 in
218 1339 316 1379 Asia
348 1337 571 1384 retineret,
601 1337 694 1394 eligi
721 1337 854 1388 iussit,
887 1337 1145 1386 existimans,
1177 1339 1358 1380 modico
1391 1353 1509 1380 exer-

143 1411 232 1452 citu
264 1409 489 1451 continere
528 1423 654 1466 posse
684 1409 846 1460 Asiam,
887 1409 986 1467 quia
1018 1409 1215 1465 pluribus
1246 1410 1353 1452 locis
1381 1427 1506 1466 prae-

142 1483 245 1525 sidia
279 1481 575 1536 disposuisset;
600 1497 828 1539 nuperque
859 1482 1058 1525 conditas
1090 1482 1233 1532 urbes,
1259 1499 1365 1540 quas
1388 1484 1506 1527 colo-

89 1571 110 1602 9
142 1556 208 1596 nis
237 1555 451 1609 replesset,
487 1568 555 1594 res
589 1555 784 1595 novare3
828 1555 1107 1612 cupientibus
1151 1555 1326 1597 obstare
1359 1557 1507 1598 crede-

142 1628 271 1689 bat.4
325 1624 535 1667 Ceterum
575 1626 833 1683 priusquam
869 1634 1131 1674 secerneret,
1174 1643 1285 1684 quos
1317 1636 1412 1670 erat
1440 1644 1508 1670 re-

141 1707 356 1746 tenturus,
389 1697 532 1746 edixit,
567 1705 616 1738 ut
645 1714 799 1740 omnes
827 1698 987 1740 milites
1009 1714 1081 1740 aes
1115 1699 1305 1741 alienum
1330 1700 1509 1757 profite-

142 1779 309 1812 rentur.
383 1768 527 1810 Grave
567 1770 783 1827 plerisque
818 1786 908 1812 esse
948 1780 1240 1828 compererat,
1274 1780 1318 1813 et
1356 1788 1509 1830 quam-

143 1857 275 1899 quam
306 1841 500 1895 ipsorum
530 1840 629 1881 luxu
656 1850 938 1884 contractum
967 1851 1073 1893 erat,
1106 1844 1337 1886 dissolvere
1356 1853 1508 1887 tamen

84 1915 234 1968 10ipse
265 1914 530 1954 decreverat.
596 1913 671 1962 llli,
709 1915 916 1971 temptari
950 1915 1064 1970 ipsos
1095 1917 1191 1966 rati,
1221 1933 1308 1974 quo
1337 1917 1507 1959 facilius

142 1987 196 2027 ab
237 1984 411 2041 integris
453 1992 735 2041 sumptuosos
776 1987 1063 2038 discerneret,
1114 1989 1378 2046 prolatando
1434 1991 1507 2032 ali-

142 2065 357 2114 quantum
392 2063 665 2098 extraxerant
701 2059 926 2116 temporis.
987 2061 1045 2102 Et
1083 2076 1160 2103 rex
1195 2061 1297 2102 satis
1332 2077 1507 2118 gnarus,

140 2129 399 2186 professioni
429 2128 538 2169 aeris
564 2129 796 2185 pudorem,
834 2146 926 2172 non
957 2126 1287 2175 contumaciam
1318 2135 1505 2185 obstare,

139 2217 312 2244 mensas
356 2200 460 2243 totis
492 2201 638 2242 castris
673 2204 780 2258 poni
810 2203 943 2252 iussit,
972 2211 1017 2246 et
1047 2205 1202 2248 decem
1229 2206 1346 2247 milia
1372 2207 1506 2248 talen-

231 2433 312 2460 tum
339 2439 361 2462 a
388 2430 557 2474 quodam
587 2437 743 2464 auctore
767 2429 1040 2475 interemptum
1068 2440 1137 2475 per
1160 2430 1341 2474 insidias3
1360 2432 1508 2478 vulgati

231 2491 254 2513 a
288 2482 424 2526 quibus
464 2484 721 2531 interceptum
766 2491 802 2518 et
835 2484 1068 2517 trucidatum
1101 2495 1123 2517 a
1159 2485 1328 2529 quodam
1359 2487 1504 2520 viatore

231 2546 300 2580 per
332 2535 502 2573 insidias.
672 2539 689 2562 1
729 2538 902 2574 Verbum
938 2539 1008 2572 hoc
1043 2537 1092 2572 de
1125 2541 1284 2573 coniecc.
1310 2539 1506 2573 adiectum

172 2616 177 2620 ,
230 2586 340 2622 codd.
370 2592 556 2635 ignorant
582 2601 622 2627 et
650 2601 771 2626 antea
793 2604 862 2626 suo
888 2602 927 2627 ec
948 2592 1105 2638 publice
1133 2593 1288 2628 habent.
1337 2593 1358 2618 2
1388 2594 1501 2641 Vulg.

226 2639 348 2677 abest.
377 2643 496 2682 Codd.
525 2647 713 2684 ordinem.
769 2646 790 2677 3
815 2647 878 2682 Ex
900 2645 1048 2681 emend.
1076 2657 1273 2681 renovare.
1334 2648 1356 2677 4
1379 2648 1498 2683 abest.
