1703 2961
452 154 533 196 DE
563 152 773 197 GESTlS
803 153 972 197 ALEX.
1001 156 1074 204 lv,
1105 156 1141 194 S.
1426 159 1473 198 51

119 281 246 311 crum
283 266 628 308 anniversarium
657 269 672 291 ¹
729 280 858 308 more
899 266 1043 323 patrio
1094 273 1201 309 tunc
1244 276 1478 310 venerant:

115 340 279 398 quippe
321 338 636 396 Carthaginem
687 337 810 394 Tpii
852 338 1162 388 condiderunt,
1195 354 1369 396 semper
1406 357 1480 396 pa·

50 426 96 451 11
112 420 292 454 rentum
337 411 437 453 loco
491 410 607 453 culti.
681 409 861 450 Hortari
902 424 1003 467 ergo
1041 410 1178 451 Poeni
1221 421 1477 468 coeperunt,

113 491 166 526 ut
203 483 483 527 obsidionem
523 481 627 523 forti
664 481 814 522 animo
842 490 1123 538 paterentur3
1151 483 1270 524 brevi
1293 484 1478 526 Cartha-

112 558 212 615 gine
248 556 400 598 auxilia
439 562 634 596 ventura.
703 554 906 611 Namque
945 570 994 595 ea
1025 561 1289 611 tempestate
1317 572 1476 614 magna

113 645 164 671 ex
191 635 317 687 parte
344 626 518 669 Punicis
549 626 756 668 classibus
785 626 924 667 maria
955 626 1283 672 obsidebantur.

51 728 101 752 12
197 717 335 774 Igitur
380 715 495 756 bello
541 715 743 766 decreto,
791 730 872 772 per
913 730 1065 756 muros
1118 722 1348 773 turresque
1392 725 1481 759 tor-
1516 717 1542 757 9

109 797 262 832 menta
294 788 548 844 disponunt,
578 802 700 829 arma
732 787 976 829 iunioribus
1008 787 1220 837 dividunt,
1252 788 1474 845 opifices,²

111 874 306 919 quorum
353 858 482 916 copia
533 858 637 900 urbs
683 859 960 908 abundabat,
1019 859 1063 899 in
1101 858 1299 901 officinas
1338 861 1479 903 distri-

109 933 268 976 buunt.
333 930 499 974 Omnia
537 929 636 971 belli
678 939 892 987 apparatu
922 938 1143 987 strepunt:
1170 930 1339 974 ferreae
1371 950 1479 990 quo-

111 1020 197 1062 que
225 1018 395 1052 manus,
438 1003 743 1058 (Harpagonas
779 1005 970 1055 vocant)
1011 1017 1117 1059 quas
1157 1004 1364 1059 operibus
1400 1005 1479 1047 ho-

111 1076 245 1117 stium
301 1073 554 1124 inficerent,
609 1075 817 1130 corvique
867 1081 910 1115 et
956 1073 1036 1114 alia
1078 1075 1253 1116 tuendis
1296 1077 1479 1119 urbibus

52 1159 98 1188 13
117 1145 358 1204 excogitata
397 1143 790 1202 praeparabantur.
847 1146 934 1189 Sed
966 1160 1069 1188 cum
1100 1145 1358 1189 fornacibus
1392 1149 1479 1189 fel-

107 1234 222 1271 rum,
264 1217 386 1276 quod
418 1216 571 1259 excudi
602 1217 852 1273 oportebat,
881 1217 1143 1274 impositum
1173 1227 1296 1270 esset,
1327 1220 1480 1263 admo-

107 1291 249 1349 tisque
284 1289 463 1331 follibus
498 1289 647 1345 ignem
679 1288 790 1330 flatu
821 1290 1129 1341 accenderent,
1157 1291 1376 1349 sanguinis
1399 1292 1480 1334 rivi

108 1363 189 1406 sub
223 1362 329 1420 ipsis
367 1358 558 1402 flammis
594 1359 780 1402 extitisse
822 1361 1052 1403 dicuntur:
1087 1362 1221 1420 idque
1258 1379 1392 1404 omen
1434 1363 1480 1406 in

42 1450 92 1476 14
104 1435 410 1479 Macedonum
439 1439 611 1475 metum
638 1440 866 1475 verterunt
903 1433 1038 1491 Tyrii.
1108 1435 1242 1491 Apud
1271 1435 1482 1478 Macedo-

107 1523 188 1549 nas
227 1520 404 1564 quoque
445 1520 550 1546 cum
586 1502 705 1546 forte
735 1520 899 1562 panem
931 1505 1114 1562 quidam
1143 1507 1334 1550 militum
1362 1507 1480 1551 fran-

107 1586 272 1637 gerent,
297 1578 316 1607 ³
356 1576 578 1618 manantis
617 1577 837 1633 sanguinis
866 1584 1010 1634 guttas
1037 1585 1316 1624 notaverunt.
1374 1582 1479 1623 Ter-

105 1649 282 1707 ritoque
314 1663 430 1706 rege,
469 1646 739 1701 Aristander,
779 1650 1068 1706 peritissimus
1107 1658 1272 1702 vatum,
1294 1657 1317 1680 ⁴
1349 1653 1382 1694 si
1413 1670 1480 1695 ex-

105 1722 320 1764 trinsecus
357 1714 492 1762 cruor
528 1719 731 1771 fluxisset,
770 1720 1093 1764 Macedonibus
1131 1723 1177 1765 id
1216 1723 1338 1766 triste
1362 1725 1480 1768 futu-

106 1809 224 1844 rum,
252 1793 331 1835 ait:
356 1795 372 1820 ⁵
407 1799 575 1843 contra,
616 1808 719 1835 cum
750 1793 806 1834 ab
833 1793 1042 1837 interiore
1073 1801 1198 1851 parte
1221 1799 1478 1849 manaverit,

107 1865 221 1917 urbi,
252 1879 387 1922 quam
425 1864 625 1907 obsidere
657 1865 960 1917 destinassent,
993 1868 1172 1909 exitium
1197 1870 1478 1925 portendere.

42 1958 88 1985 ιε
108 1937 353 1997 Alexander
390 1952 494 1979 cum
527 1944 570 1978 et
601 1937 785 1979 classem
813 1939 972 2002 procul
997 1939 1197 1989 haberet,
1227 1949 1272 1982 et
1299 1941 1478 2000 longam

110 2009 388 2052 obsidionem
428 2024 592 2066 magno
630 2009 711 2051 sibi
750 2011 807 2052 ad
839 2018 985 2054 cetera
1016 2012 1337 2071 impedimento
1367 2015 1481 2057 vide-

108 2089 178 2124 ret
205 2082 315 2132 fore,
355 2080 690 2132 caduceatores,
728 2083 803 2140 qui
842 2085 898 2126 ad
932 2101 1092 2142 pacem
1131 2101 1207 2127 eos
1249 2088 1482 2145 compelle-

108 2161 220 2204 rent,
260 2152 399 2194 misit:
447 2168 557 2210 quos
608 2153 729 2211 Tyrii
777 2147 932 2199 contra
976 2157 1041 2199 ius
1080 2158 1277 2215 gentium
1313 2160 1482 2203 occisos

107 2225 512 2284 praecipitaverunt
539 2226 585 2267 in
616 2226 767 2268 altum.
818 2228 966 2285 Atque
991 2228 1059 2270 ille
1086 2245 1268 2272 suorum
1296 2238 1390 2273 tam
1419 2233 1482 2275 in-

111 2299 241 2357 digna
266 2306 413 2340 morte
439 2300 460 2324 ⁶
501 2308 770 2348 commotus,
810 2300 971 2342 urbem
1003 2301 1203 2344 obsidere
1234 2303 1399 2348 statuit.

50 2384 101 2415 16
198 2371 285 2413 Sed
315 2379 415 2412 ante
442 2370 640 2413 iacienda
669 2371 810 2413 moles
845 2379 954 2420 erat,
993 2389 1106 2430 quae
1137 2375 1384 2418 continenti
1413 2379 1547 2420 ur-10

110 2443 216 2485 bem
242 2445 261 2469 ⁷
303 2444 618 2486 committeret.
659 2445 815 2502 Ingens
853 2460 956 2502 ergo
989 2445 1160 2490 animos
1189 2447 1382 2490 militum
1411 2448 1483 2491 de·

63 2566 66 2571 ·
110 2547 129 2572 1
156 2547 458 2581 anniversarium
485 2559 649 2583 sacrum.
790 2549 813 2575 2
839 2546 1088 2595 opificesque.
1227 2551 1247 2582 3
1277 2552 1483 2598 frangeret.

197 2602 221 2633 4
245 2599 410 2636 additur
434 2603 646 2648 respondit.
895 2602 917 2631 ⁵
943 2602 1063 2637 abest.
1329 2605 1351 2631 ⁶
1374 2617 1488 2640 nece.

200 2654 219 2683 7
245 2655 379 2690 urbem
418 2657 650 2692 continenti.

1101 2722 1200 2762 Da
