1703 2961
173 115 254 158 142
633 117 690 173 Q.
724 116 933 160 CURTn
958 114 1103 159 mm

175 245 274 273 cem
321 235 365 270 et
398 229 576 282 mitem,
629 246 722 272 non
771 230 950 274 credere
1002 225 1141 269 modo
1193 238 1303 282 quae
1347 225 1538 270 affirma-

175 303 295 352 bant,
323 301 399 342 sed
437 301 541 343 ssere
581 302 745 344 etiam¹
794 307 1046 360 co‘e‘gerunt.
1115 298 1181 339 Ae
1218 312 1274 337 ne
1308 303 1404 339 tum
1445 300 1594 357 qui-15

177 375 280 416 dem
315 373 492 430 cogitati
524 375 696 417 sceleris
726 374 955 429 poenituit,
988 387 1091 415 curn
1120 370 1411 419 intuerentur,
1438 388 1542 429 qua-

177 447 266 488 lem
299 454 342 488 et
378 460 525 502 regern
568 452 612 485 et
644 445 787 487 virum
825 445 1036 487 fallerent.
1093 442 1167 483 Ille
1199 441 1390 498 quidem,
1422 459 1543 487 secu-

179 534 254 561 rus
284 517 463 574 periculi
496 517 615 574 quod
646 517 846 565 instabat,
877 515 1111 558 Alexandri
1140 529 1312 566 manus,
1341 532 1448 574 quas
1476 533 1542 559 so-

182 592 245 634 las
271 590 470 640 timebat,
499 589 691 647 effugere
717 591 994 647 properabat.

120 666 178 708 30
268 664 434 705 Patron
475 670 648 710 autem,
698 662 975 705 Graecorum
1014 661 1119 711 dux,
1160 660 1407 717 praecipit²
1447 661 1611 713 suis,x1.

182 744 233 778 ut
260 750 395 784 arma,
426 749 538 791 quae
563 734 608 775 in
632 735 812 777 sarcinis
841 742 968 776 antea
999 733 1268 783 ferebantur,
1300 734 1545 785 induerent,

184 808 242 850 ad
282 821 416 848 omne
469 805 706 860 imperium
753 823 881 849 suum
927 806 1068 863 parati
1117 812 1161 846 et
1209 806 1380 847 intenti.
1451 807 1548 863 Ipse
1579 824 1599 846 ἰ

186 895 368 923 currum
415 878 528 934 regis
575 879 863 936 sequebatur,
911 877 1132 920 occasioni
1170 876 1407 920 imminens
1446 878 1551 920 allo-

187 951 351 1009 quendi
383 965 506 991 eum:
545 952 709 1009 quippe
740 951 859 993 Bessi
886 950 1056 992 facinus
1085 957 1398 1007 praesenserat.
1460 950 1550 992 Sed

185 1026 355 1082 Bessm,
387 1023 431 1064 id
460 1023 602 1080 ipsum
632 1031 844 1073 metuens,
877 1030 1022 1064 custos
1047 1023 1199 1072 verius,
1231 1038 1366 1079 quam
1388 1037 1552 1071 comes,

188 1112 213 1139 a
246 1110 378 1138 curru
408 1110 500 1136 non
532 1095 779 1137 recedebat.
848 1095 937 1136 Diu
979 1110 1081 1152 ergo
1111 1095 1277 1136 Patron
1308 1102 1550 1145 cunctatus,
1583 1110 1602 1138 3

189 1184 240 1210 ac
270 1166 438 1223 saepius
466 1182 671 1209 sermone
703 1169 976 1216 revocatus,³
1021 1168 1135 1208 inter
1165 1166 1298 1207 fidem
1326 1166 1553 1207 timorem-

190 1257 276 1299 que
313 1240 532 1280 haesitans
569 1254 718 1295 regem
749 1240 1013 1280 intuebatur.
1066 1239 1152 1294 Qui
1186 1247 1236 1280 ut
1265 1240 1447 1280 tandem
1479 1241 1553 1282 ad-

187 1312 320 1356 vertit
350 1312 515 1360 oculos,
541 1311 753 1352 Bubacen
783 1312 1028 1368 spadonem
1059 1311 1174 1352 inter
1201 1311 1425 1367 proximos
1458 1328 1554 1355 cur·
1583 1329 1607 1354 4

188 1401 291 1428 rum
331 1391 588 1441 sequentem
629 1383 882 1440 percontari
928 1383 1061 1434 iubet,
1092 1384 1309 1441 numquid
1341 1384 1418 1438 ipsi
1443 1387 1466 1412 4
1488 1401 1557 1426 ve-

188 1459 240 1500 lit
284 1457 460 1500 dicere„
508 1456 687 1506 Patron,
728 1470 772 1496 se
810 1470 928 1506 vero,
960 1455 1036 1496 sed
1067 1455 1250 1497 remotis
1281 1456 1463 1507 arbitris,
1496 1457 1558 1499 lo-

194 1530 268 1589 qui
299 1529 404 1570 velle
438 1543 541 1570 cum
571 1543 623 1568 eo
653 1527 895 1583 respondit.
963 1529 1193 1584 Iussusque
1223 1528 1404 1585 propius
1436 1545 1557 1571 acce-

195 1604 321 1652 dere,
359 1601 450 1642 sine
488 1600 747 1657 interprete,
783 1615 886 1641 nam
926 1600 1047 1641 haud
1089 1599 1208 1641 rudis
1247 1599 1444 1642 Graecae
1480 1601 1558 1642 lin-

194 1690 305 1733 guae
336 1673 507 1714 Dareus
536 1681 653 1714 erat:
688 1676 804 1721 Rex,
836 1673 991 1729 inquit,
1024 1688 1079 1713 ex
1110 1688 1138 1714 L
1169 1674 1341 1713 milibus
1378 1674 1554 1716 Graeco-
1589 1694 1604 1720 5

195 1765 289 1790 rum
327 1762 602 1800 supersumus
635 1749 780 1801 pauci,
821 1740 959 1787 omnis
983 1742 1198 1803 fortunae
1235 1759 1336 1786 cuae
1365 1750 1556 1792 comites.

197 1832 243 1863 ec
281 1823 326 1861 in
363 1822 442 1861 hoc
479 1830 554 1861 cuo
596 1830 717 1861 statu
762 1821 916 1868 iidem,
960 1821 1035 1874 qui
1060 1817 1255 1876 florente
1302 1831 1346 1861 te
1366 1818 1558 1879 suimus,

197 1908 468 1951 quascunque
499 1894 670 1933 cerras⁵
712 1894 912 1952 elegeris,
947 1907 1027 1946 pro
1059 1895 1208 1947 patria
1236 1902 1280 1933 et
1308 1894 1561 1934 domesticis

201 1969 325 2009 rebus
346 1968 543 2021 petituri.
607 1968 829 2007 Secundae
865 1967 1155 2021 adversaeque
1193 1982 1259 2006 res
1294 1976 1394 2006 tuae
1431 1983 1555 2021 copu-
1591 1981 1614 2009 6

200 2044 348 2083 lavere
387 2055 464 2080 nos
504 2049 657 2080 tecum.
723 2042 812 2080 Per
855 2040 966 2079 hanc
992 2038 1135 2096 fidem
1174 2041 1384 2080 invictam
1412 2056 1487 2082 oro
1518 2052 1562 2082 ec

201 2116 406 2162 obtestor,
450 2115 496 2153 in
535 2115 699 2154 nostris
736 2115 893 2154 castris
926 2113 1013 2153 cibi
1049 2113 1367 2153 tabernaculum
1394 2125 1561 2156 statue.-

201 2204 280 2232 nos
320 2187 516 2241 corporis
550 2188 619 2226 tui
651 2188 853 2228 custodes
888 2203 978 2226 esse
1009 2188 1216 2240 paciaris.
1282 2188 1519 2227 Omisimus
1540 2189 1559 2212 ⁶

209 2261 447 2308 Graeciam,
485 2259 602 2300 nulla
628 2261 799 2300 Bactra
831 2269 932 2300 sunt
960 2261 1108 2301 nobis:
1136 2275 1235 2313 spes
1265 2262 1404 2299 omnis
1433 2262 1478 2300 in
1506 2271 1562 2310 ce,

206 2336 371 2375 utinam
411 2342 456 2372 ec
494 2333 540 2372 in
580 2335 735 2372 ceteris
778 2343 901 2373 esset.
967 2335 1106 2373 Plura
1143 2333 1237 2371 dici
1260 2347 1343 2372 non
1389 2335 1562 2375 accinet.
1598 2323 1611 2331 .

212 2408 466 2449 Custodiam
493 2407 687 2457 corporis
719 2408 788 2445 tui
815 2416 1017 2447 externus
1045 2419 1088 2446 ec
1118 2406 1357 2458 alienigena
1386 2421 1470 2448 uon
1497 2409 1566 2447 de-

208 2496 438 2534 poscerem,
467 2479 508 2517 si
536 2477 745 2518 crederem
770 2480 903 2519 alium
930 2494 1058 2533 posse
1082 2488 1318 2531 praestare.

211 2584 228 2608 1
258 2583 371 2617 etiam
398 2581 502 2616 flere.
793 2582 814 2608 2
837 2582 1046 2630 praecepit.
1329 2580 1350 2612 3
1375 2590 1565 2617 revocato.

302 2639 323 2668 4
348 2637 444 2682 ipse.
647 2636 668 2666 5
696 2636 818 2671 sedes.
1021 2636 1041 2662 6
1067 2635 1276 2670 amisimus.

1686 1467 1703 1655 --.;—.3...„.2
1696 1449 1698 1453 -
1696 1378 1703 1440 ..³⁴-
1699 1331 1703 1335 .
1696 1319 1703 1323 .
