1703 2961
248 149 331 191 262
695 146 750 203 Q.
784 147 988 224 eumn
1017 146 1158 190 RUFI

252 269 347 303 tum
377 261 535 303 saltum
568 260 866 303 errabundum
907 275 1063 317 agmen
1101 258 1350 311 serebatur3
1387 259 1602 316 multique

252 334 372 391 prius
401 342 538 382 metu,
567 348 698 391 quam
727 332 876 374 labore
914 332 1148 389 defatigati,
1174 339 1498 387 prostraverant
1526 331 1606 373 hu-

255 406 315 446 mi
347 421 546 462 corpora,
587 420 855 462 quamquam
884 405 1075 446 imbrem
1106 403 1166 445 vis
1194 403 1365 461 frigoris
1395 412 1603 446 concreto
1680 451 1683 457 ¹

255 477 350 534 gelu
377 478 647 519 astrinxerat.
704 476 786 518 Alii
829 492 872 518 se
914 476 1131 533 stipitibus
1160 476 1370 517 arborum
1402 476 1604 517 admove·
1637 486 1654 512 ⁷
1680 505 1684 533 ἶ

254 557 374 591 rant:
414 550 456 592 id
493 550 692 606 plurimis
739 556 782 590 et
812 548 1129 590 adminiculum
1158 556 1203 590 et
1230 548 1467 609 suffugium
1496 556 1602 590 erat.
1682 547 1684 554 ⁸

254 621 348 663 Nec
380 621 556 664 fallebat
582 622 698 678 ipsos
731 621 865 662 morti
895 620 1044 663 locum
1073 620 1241 678 eligere,
1270 636 1372 663 curn
1402 620 1606 661 immobi-
1638 627 1657 655 8
1682 650 1686 676 ἐι,

255 693 314 734 les
344 693 481 736 vitalis
510 693 630 735 calor
667 693 902 749 linqueret:
943 693 1018 733 sed
1045 700 1165 748 grata
1197 700 1290 734 erat
1318 691 1490 749 pigritia
1513 706 1608 733 cor·
1683 680 1686 694 ¹

254 779 413 818 porum
446 765 646 822 fatigatis,
681 780 762 806 nec
801 764 1064 807 recusabant
1101 765 1288 821 extingui
1326 764 1605 821 quiescendo.

257 835 434 892 Quippe
465 852 555 879 non
595 837 832 878 vehemens
868 836 1019 885 modo,
1059 836 1134 877 sed
1164 836 1295 877 etiam
1324 837 1523 893 pertinax
1547 836 1608 877 vis

255 907 358 948 mali
387 904 633 960 insistebat;
672 909 919 965 lucemque,
959 908 1154 949 naturale
1184 907 1404 956 solatium,
1435 915 1610 966 praeter

257 985 565 1035 tempestatem
602 979 722 1022 haud
761 980 980 1038 disparem
1022 980 1156 1031 nocti,
1192 980 1395 1022 silvarum
1434 995 1610 1037 quoque

256 1051 414 1092 umbra
461 1060 771 1109 suppresserat.
847 1054 940 1094 Rex
985 1068 1096 1095 unus
1143 1053 1254 1094 tanti
1303 1052 1405 1093 mali
1441 1052 1611 1108 patiens
1642 1053 1690 1092 9'

257 1122 490 1165 circumire
529 1124 701 1172 milites,
747 1124 1007 1166 contrahere
1040 1125 1267 1182 dispersos,
1298 1123 1479 1165 allevare
1510 1138 1611 1180 pro-

256 1202 430 1243 stratos,
459 1195 690 1236 ostendere
720 1196 874 1250 procul
905 1197 1126 1238 evolutum
1151 1213 1201 1238 ex
1222 1196 1402 1252 tuguriis
1421 1195 1609 1246 fumum,

255 1265 511 1324 hortarique
547 1273 597 1307 ut
637 1267 834 1323 proxima
876 1284 1074 1325 quaeque
1107 1268 1290 1325 suffugia
1323 1275 1608 1324 occuparent.
1688 1266 1692 1300 ἶ

255 1338 350 1379 {Nec
384 1337 469 1378 ulla
509 1353 578 1379 res
611 1338 748 1395 magis
789 1339 914 1381 saluti
943 1340 1045 1389 fuit,
1084 1356 1217 1398 quam
1259 1340 1378 1396 quod
1409 1340 1676 1396 multipli-1o

258 1416 359 1450 cato
390 1409 542 1451 labore
580 1409 873 1452 sufficientem
907 1412 1046 1460 malis,
1085 1413 1241 1470 quibus
1270 1411 1350 1468 ipsi
1382 1420 1613 1454 cesserant·

257 1496 406 1538 regem
446 1482 645 1524 deserere
676 1483 1004 1526 erubescebant.

227 1555 252 1597 5
351 1553 564 1596 Ceterum
616 1553 838 1597 efficacior
879 1556 924 1597 in
975 1556 1162 1598 adversis
1201 1556 1446 1606 necessitas,
1485 1572 1615 1613 quarn
1641 1567 1693 1606 11¹

259 1626 387 1678 ratio,
428 1625 600 1683 frigoris
640 1627 888 1668 remedium
927 1628 1100 1670 invenit.
1163 1629 1370 1670 Dolabris
1401 1629 1520 1671 enim
1553 1628 1618 1669 sil-

259 1714 332 1740 vas
362 1706 555 1740 sternere
586 1699 781 1755 aggressi,
813 1699 974 1756 passim
1001 1715 1179 1742 acervos
1208 1708 1434 1758 struesque
1465 1716 1618 1742 accen-

260 1771 436 1813 derunt.
482 1770 740 1813 Continenti
780 1770 984 1813 incendio
1028 1772 1180 1814 ardere
1208 1758 1413 1815 'crederes
1446 1764 1696 1820 saltum,12{

263 1851 307 1884 et
332 1843 398 1883 vix
438 1843 552 1883 inter
582 1842 784 1884 flammas
812 1842 1058 1899 agminibus
1086 1844 1286 1886 relictum
1311 1844 1475 1886 locum.
1535 1845 1617 1886 Hic
1696 1839 1697 1842 ¹

264 1914 384 1955 calor
420 1915 639 1970 stupentia
674 1915 874 1956 membra
913 1915 1169 1963 commovit,
1209 1915 1507 1973 paulatimque
1537 1917 1620 1974 spi-

263 1985 385 2036 ritus,
425 2001 558 2043 quem
598 1987 879 2029 continuerat
918 1988 1058 2044 rigor,
1097 2002 1243 2028 meare
1278 1987 1411 2029 libere
1457 1989 1615 2046 coepit.

265 2057 490 2114 Excepere
523 2058 626 2099 alios
655 2066 771 2100 tecta
803 2059 1108 2112 barbarorum,
1146 2076 1256 2117 quae
1287 2059 1332 2100 in
1360 2059 1512 2102 ultimo
1543 2053 1698 2102 sal-133

266 2137 314 2170 tu
348 2130 496 2171 abdita
530 2130 763 2172 necessitas
798 2131 1150 2189 investigaverat:
1189 2132 1293 2173 alios
1325 2138 1476 2180 castra,
1510 2148 1620 2189 quae

266 2201 312 2243 in
350 2202 535 2243 humido
574 2202 768 2258 quidem,
807 2204 882 2245 sed
926 2204 1014 2245 iam
1052 2204 1159 2245 coeli
1199 2204 1454 2245 mitescente
1492 2204 1621 2245 saevi-

266 2274 340 2324 tia,
381 2274 646 2316 locavcrunt.
706 2275 808 2316 Duo
848 2275 999 2318 milia¹
1041 2275 1227 2318 militum
1277 2281 1404 2330 atque
1441 2274 1622 2316 lixarum

269 2346 563 2404 calonumque
603 2348 733 2403 pestis
772 2348 840 2390 illa
882 2347 1165 2404 consumpsit.
1211 2345 1454 2388 Memoriae
1482 2347 1699 2403 prodi-141

272 2425 369 2459 tum
401 2425 475 2468 est,
507 2419 722 2475 quosdam
753 2420 993 2476 applicatos
1022 2421 1230 2461 arborum
1261 2417 1438 2468 truncis,
1471 2426 1514 2459 et
1534 2434 1625 2460 non
1698 2411 1699 2415 Ἰ

275 2490 419 2532 solum
455 2490 712 2541 viventibus,
753 2491 828 2532 sed
866 2493 1033 2534 etiam2
1066 2492 1179 2532 inter
1209 2506 1252 2531 se
1279 2489 1626 2547 colloquentibus

273 2561 455 2613 similes,
507 2578 595 2605 esse
642 2571 925 2621 conspectos,
975 2564 1158 2606 durante
1197 2561 1340 2605 adhuc
1377 2561 1553 2609 habitu,
1582 2561 1627 2602 in

280 2667 296 2689 1
323 2666 441 2701 mille.
645 2667 663 2692 ²
693 2675 740 2701 et.
