1703 2961
432 113 512 155 DE
547 110 756 155 GEsrls
796 111 965 159 ALEX.
996 111 1047 162 v,
1086 113 1125 152 8.
1392 111 1472 151 119

114 244 198 286 que
227 226 409 270 subduci
442 224 631 272 iubebat,
660 237 761 266 cum
790 223 1004 265 Philotas·
1033 226 1218 266 Minime
1240 239 1345 266 vero
1366 224 1470 265 haec

97 300 278 360 feceris,
312 315 403 348 rex,
435 300 507 339 sed
535 313 654 339 omen
683 311 848 352 quoque
878 299 1037 351 accipe,
1067 314 1268 346 mensam,
1299 312 1354 337 ex
1382 310 1467 352 qua

74 374 271 482 6lt'bavic
300 374 442 414 hostis
472 372 634 425 epulas,
664 373 748 411 cuis
777 372 961 424 pedzbus
986 387 1078 412 esse
1106 372 1354 412 subiectam.

186 446 292 493 Rex,
322 442 505 486 Persidis
534 441 696 484 finem¹
734 442 940 492 aditurus,
974 443 1081 485 Susa
1113 443 1271 484 urbem
1301 439 1466 482 Arche-

74 452 175 557 <5lao
206 523 250 557 et
277 515 542 571 praesidium
573 529 619 555 111
645 514 816 555 milium
844 515 1040 556 tradidit:
1071 512 1320 570 Xenophilo
1352 511 1464 553 arcis

104 603 208 629 cura
241 587 448 628 mandata
480 595 557 634 est,
587 586 886 628 Macedonum
917 594 1058 629 aetate
1073 585 1306 643 gravibus²
1338 598 1463 640 prae-

0 659 242 773 17s1dere
282 659 393 701 arcis
421 657 646 703 custodiae
679 658 820 700 iussis:
834 661 851 689 3
894 658 1204 701 thesaurorum
1237 655 1460 700 Callicrati

0 659 24 785 ‘j
99 732 234 773 tutela
265 731 500 789 permissa:
535 737 732 787 satrapea
760 730 948 788 regionis
978 731 1225 773 Susianae⁴
1257 727 1456 770 restituta

0 782 22 864 i}
97 791 315 844 Abulitae.
337 805 350 830 ⁵
397 803 590 845 Matrem
613 818 788 860 quoque
808 803 942 844 Darei
967 810 1010 844 ct
1033 803 1195 844 liberos
1224 801 1270 842 in
1299 800 1456 841 eadem

0 865 204 964 ηιευτδε
236 874 431 930 deponit.
492 877 558 917 Ac
583 874 699 916 forte
727 875 1038 917 Macedonicas
1069 881 1221 923 vestes,
1249 872 1455 914 multam-

0 951 21 1023 ᾗ,
95 961 180 1003 que
209 960 463 1002 purpuram,
498 947 618 988 dono
647 963 697 988 ex
725 947 988 988 Macedonia
1020 945 1101 987 sibi
1129 945 1320 993 missam,
1349 958 1454 985 cum

0 1012 20 1066 fi
94 1019 184 1069 his,
224 1034 335 1076 quae
376 1018 719 1068 confecerant‚⁶
747 1019 859 1059 tradi
908 1017 1152 1074 Sisygambi
1191 1016 1364 1058 iubetz⁷
1407 1030 1454 1056 o-

0 1061 20 1135 'ri
92 1091 185 1130 mni
211 1105 402 1146 namque
434 1090 605 1131 honore
637 1105 736 1130 eam
775 1098 816 1131 et
841 1090 915 1130 filii
951 1104 1128 1146 quoque
1158 1088 1320 1144 pietate
1351 1100 1452 1143 pro-

0 1139 374 1228 *wsequebaturz
440 1162 757 1218 admonerique
795 1162 928 1212 iussit,
967 1170 1017 1203 ut
1053 1162 1085 1203 si
1119 1161 1242 1202 cordi
1272 1174 1449 1216 quoque

91 1234 216 1275 vestis
257 1241 378 1283 esset,
418 1233 635 1277 conficere
677 1249 776 1275 eam
814 1242 967 1291 neptes
1006 1248 1103 1275 suas
1143 1233 1448 1278 assuefaceret,

87 1304 294 1362 donoque
322 1320 366 1347 se
385 1306 401 1334 ⁸
433 1306 615 1348 doceret
646 1305 761 1348 dare.
819 1307 890 1348 Ad
918 1306 1032 1348 hanc
1059 1320 1218 1347 vocem
1242 1303 1447 1345 lacrimae

85 1376 271 1418 obortae
324 1379 560 1433 prodidere
611 1378 810 1419 animum
858 1378 1130 1435 aspernantis
1173 1377 1219 1418 id
1263 1390 1446 1424 munus3

83 1449 245 1506 quippe
276 1464 369 1490 non
399 1450 514 1491 aliud
547 1450 684 1506 magis
711 1451 756 1490 in
786 1451 1102 1492 contumeliam
1123 1450 1358 1491 Persarum
1384 1446 1445 1488 fe-

0 1248 9 1264 Γ

0 1320 9 1342 ὗ

0 1394 9 1416 Ι

0 1463 11 1510 p

0 1512 68 1561 ⁵20
82 1520 227 1560 minae
259 1521 497 1577 accipiunt,
527 1536 661 1577 quam
688 1522 924 1564 admovere
952 1525 1076 1564 lanae
1104 1536 1273 1563 manus.
1321 1519 1444 1561 Nun-

0 1583 7 1631 ἰ
82 1592 194 1633 tiant
218 1592 290 1648 qui
323 1592 437 1632 dona
480 1591 684 1640 tulerant,
717 1594 889 1636 tristem
921 1611 1012 1637 esse
1043 1593 1350 1651 Sisygambim‚
1381 1591 1444 1633 di-

0 1677 6 1718 3
81 1678 251 1720 gnaque
280 1677 348 1703 res
376 1665 453 1703 et9
489 1664 766 1706 excusatione
798 1673 841 1706 et
871 1667 1026 1708 solatio
1055 1666 1156 1708 visa.
1214 1666 1312 1722 Ipse
1337 1678 1440 1720 ergo

0 1751 5 1798 Ι
80 1734 278 1792 pervenit
311 1734 366 1775 ad
397 1749 510 1782 eam,
548 1743 603 1786 et,
633 1740 796 1784 Macer,
833 1739 985 1796 inquit,
1011 1743 1120 1781 hanc
1148 1751 1331 1786 vestem,
1357 1753 1441 1794 qua

0 1821 5 1851 ι
81 1809 260 1849 indutus
295 1823 402 1857 sum,
429 1824 622 1850 tororum
657 1827 742 1854 non
769 1813 927 1853 donum
954 1814 1105 1864 solum,
1123 1815 1168 1838 ¹0
1203 1815 1281 1854 sed
1306 1814 1441 1853 eciam

0 1883 63 1933 ξι]
81 1896 190 1935 opus
217 1881 362 1921 vides.-
393 1885 534 1924 nostri
562 1885 767 1938 decepere
798 1902 864 1926 me
895 1902 1044 1927 mores.
1091 1887 1222 1936 Cave,
1253 1887 1438 1935 obsecro,

0 1947 2 1950 ,
81 1957 127 1995 in
157 1955 454 1996 contumeliam
471 1960 690 2011 acceperis
710 1960 749 1982 ¹¹
787 1961 1106 2012 ignorationem
1122 1976 1271 2001 meam.
1315 1961 1440 2021 Quae

0 2041 2 2065 ι
81 2029 149 2069 tui
179 2030 309 2069 moris
335 2044 425 2068 esse
455 2032 656 2082 cognovi,
680 2041 731 2071 ul:
754 2046 895 2085 spero,
925 2033 1091 2074 abunde
1119 2045 1298 2075 servata
1323 2044 1435 2075 cunc.

19 2114 64 2138 ἰα
84 2103 196 2148 Scio,
228 2103 347 2154 apud
375 2116 456 2142 vos
470 2101 637 2159 filio¹²
681 2107 727 2144 in
755 2116 982 2158 conspectu
1009 2109 1163 2148 macris
1193 2105 1322 2167 nefas
1347 2123 1439 2148 esse

83 2176 315 2224 considere,
341 2176 430 2215 nisi
459 2189 550 2215 cum
586 2177 663 2215 illa
698 2180 922 2230 permisit:
989 2182 1349 2236 quocienscunque
1379 2182 1439 2220 ad

78 2256 121 2288 ce
149 2249 264 2297 veni,
303 2249 437 2289 donec
470 2259 521 2290 uc
563 2251 826 2291 considerem
867 2266 1081 2302 annueres,
1105 2256 1267 2295 rescici.
1327 2255 1437 2295 Pro-

9 2394 12 2421 1

8 2425 12 2496 i
79 2451 97 2475 1
119 2449 227 2484 fines.
451 2451 473 2478 2
497 2464 639 2499 graves.
861 2455 881 2486 3
907 2457 1011 2491 iussi.
1237 2459 1260 2490 4
1285 2458 1431 2492 Susiae.

9 2532 11 2566 Ι
172 2506 192 2533 5
219 2504 376 2539 Abuliti.
537 2507 557 2532 ⁶
592 2518 689 2554 quae
713 2519 812 2543 eam
839 2511 1097 2546 confecerant.
1265 2512 1284 2540 7
1313 2512 1432 2546 iussit.

9 2573 11 2595 ,
172 2557 190 2584 8
219 2557 339 2591 abest.
357 2575 364 2582 =
447 2560 467 2587 9
495 2560 616 2598 abest.
713 2564 756 2589 10
778 2565 903 2598 solum
930 2564 1090 2600 donum.
1187 2565 1228 2590 11
1253 2568 1433 2613 accipias.

8 2617 10 2633 i

167 2611 208 2635 ¹2
234 2609 370 2646 filium.
