1703 2961
429 148 519 197 DE¹
541 144 751 190 GESTIS
781 140 950 184 ALEX.
981 140 1053 190 lx,
1080 138 1120 182 9.
1380 135 1458 175 31⁴2

105 269 223 309 nicus
251 266 402 312 amnis,
443 271 489 302 et
518 260 675 302 Cilicia
713 257 928 297 inundata
968 268 1115 294 cruore
1146 253 1390 295 Persarum,
1416 256 1461 287 et

102 339 272 387 Arbela,
302 339 422 378 cuius
451 335 595 387 campi
619 331 889 371 devictorum
920 343 947 367 a
977 327 1101 368 nobis
1131 324 1297 367 ossibus
1323 321 1460 361 strati

40 429 87 454 24
101 423 215 453 sunt.
275 412 379 452 Sero
409 409 597 449 hostium
624 405 814 457 legiones
842 414 1059 442 numerare
1088 397 1306 450 coepistis,
1337 404 1456 446 post-

98 501 224 541 quam
254 483 532 526 solitudinem
561 480 606 518 in
622 478 732 518 Asia
759 474 969 515 vincendo
982 467 1180 528 fecistis.
1244 467 1348 508 Cum
1377 479 1456 518 per

100 559 432 611 JIellespontum
462 555 782 605 navigaremus,
812 548 866 586 de
886 546 1111 599 paucitate
1152 551 1304 582 nostra
1340 540 1457 591 cogi-

98 632 275 672 tandum
293 625 422 687 suit:
458 631 566 668 nunc
606 638 683 665 nos
728 621 914 674 Scythae
941 626 1186 671 sequuntur,
1213 611 1457 652 Bactriana

98 706 267 744 auxilia
314 710 490 756 praesto
531 707 644 745 sunt,
683 695 846 735 Dahae
885 691 1181 744 Sogdianique
1220 687 1333 725 inter
1379 694 1456 723 nos

98 778 305 817 militant·

37 857 80 883 ³⁵
175 851 270 889 Nec
309 858 450 888 tamen
487 845 557 885 illi
582 840 730 882 turbae
759 836 943 894 confido.
1005 833 1190 875 Vestras
1219 842 1367 868 manus
1395 825 1518 866 in-10

97 934 233 969 tueor,
262 930 452 961 vestram
484 919 694 958 virtutem
724 926 876 959 rerum,
899 922 1008 964 quas
1033 915 1233 960 gesturus
1255 917 1361 949 sum,
1377 914 1455 938 va-

98 998 194 1036 dem
232 995 517 1049 praedemque
556 990 703 1031 habeo.
778 983 998 1049 Quamdiu
1033 979 1253 1020 vobiscum
1282 977 1327 1015 in
1363 973 1457 1013 acie

96 1069 237 1117 stabo,
279 1083 354 1108 nec
393 1068 477 1107 mei
496 1067 510 1089 ¹
546 1079 621 1105 nec
657 1060 846 1100 hostium
873 1055 1090 1096 exercitus
1116 1047 1344 1091 numero:2
1376 1059 1458 1086 vos

98 1144 224 1184 modo
255 1142 426 1181 animos
464 1139 573 1178 mihi
610 1135 762 1189 plenos
800 1127 1052 1169 alacritatis
1086 1138 1138 1163 ac
1152 1121 1353 1179 fiduciae
1383 1119 1460 1158 ad-

32 1233 81 1263 ²6
97 1217 252 1257 hibete.
347 1215 417 1252 Ἰ’οη
443 1212 490 1251 in
517 1209 665 1248 limine
692 1218 867 1257 operum
895 1200 1170 1251 laborumque
1199 1203 1457 1236 nostrorum,

97 1290 173 1329 sed
212 1289 258 1328 in
296 1287 420 1326 exitu
456 1291 645 1322 stamus:
685 1276 960 1331 pervenimus
996 1271 1058 1310 ad
1095 1269 1203 1309 solis
1243 1276 1383 1308 ortum
1413 1273 1458 1304 et

102 1364 333 1406 Oceanum,
367 1357 454 1398 nisi
490 1354 640 1396 obstac
675 1350 880 1404 ignavia:
919 1346 1020 1386 inde
1058 1343 1264 1388 victores,
1303 1339 1456 1393 perdo-

99 1437 207 1475 mito
235 1432 332 1490 fine
375 1440 604 1474 terrarum,
644 1431 908 1464 revertemur
943 1419 989 1458 in
1021 1415 1228 1470 patriam.
1287 1412 1457 1458 Nolite,

97 1508 214 1564 quod
241 1505 365 1560 pigri
384 1500 604 1556 agricolae
609 1493 809 1557 faciunt,
841 1502 1035 1532 maturos
1043 1484 1226 1547 fructus
1254 1501 1333 1539 per
1350 1486 1457 1525 iner-

34 1597 79 1622 27
101 1583 211 1622 tiam
241 1580 442 1619 amittere
472 1591 494 1614 e
521 1571 724 1613 manibus.
782 1568 964 1607 Maiora
993 1572 1094 1604 sunt
1110 1560 1317 1615 periculis
1335 1573 1460 1612 prae-

101 1657 212 1694 mia:
243 1654 370 1692 dives
409 1649 558 1688 eadem
610 1654 655 1684 et
685 1641 871 1682 imbellis
900 1648 966 1678 est
995 1637 1127 1689 regio.
1185 1636 1341 1687 Itaque
1375 1645 1461 1672 non

96 1738 187 1768 tam
218 1726 276 1765 ad
303 1724 489 1778 gloriam
523 1733 607 1759 vos
635 1717 758 1762 duco,
788 1728 915 1769 quam
941 1711 1002 1750 ad
1030 1708 1251 1762 praedam.
1309 1702 1460 1757 Digni

98 1801 217 1846 estis,
257 1799 334 1853 qui
372 1810 488 1849 opes,
521 1806 630 1847 quas
659 1789 769 1829 illud
796 1801 912 1826 mare
941 1781 1144 1823 litoribus
1173 1780 1366 1825 invellit,
1398 1792 1457 1816 re-

87 1871 258 1931 feratis
296 1871 342 1910 in
375 1868 596 1923 patriam,
626 1863 772 1915 digni,
822 1860 898 1915 qui
946 1856 1056 1898 nihil
1084 1856 1369 1905 inexpertum,
1397 1852 1459 1890 ni-

42 1948 168 1987 zslzii
205 1954 320 1984 metu
369 1943 572 1983 omissum
606 1935 878 1990 relinquatis.
948 1930 1036 1969 Per
1070 1941 1152 1967 vos
1191 1925 1460 1977 gloriamque

99 2028 304 2065 vestram,
355 2030 442 2071 qua
484 2015 712 2053 humanum
741 2002 988 2065 fastigium
1024 2000 1262 2046 exceditis,
1301 2010 1462 2051 perque

101 2103 146 2134 et
177 2106 269 2131 mea
299 2091 346 2129 in
373 2102 456 2129 vos
484 2098 529 2127 et
558 2086 604 2124 in
633 2098 698 2122 me
725 2089 878 2120 vestra
916 2076 1089 2121 merita,
1118 2072 1272 2128 quibus
1301 2068 1463 2110 invicti

100 2165 412 2210 contendimus,
440 2174 516 2201 oro
546 2169 800 2209 quaesoque,
828 2167 879 2192 ne
907 2151 1182 2189 humanarum
1213 2158 1350 2184 rerum
1380 2152 1463 2182 ter·

101 2240 239 2279 minos
276 2237 501 2275 adeuntem
549 2231 762 2271 alumnum
805 2222 1221 2274 commilitonemque
1256 2226 1461 2263 vestrum,

33 2321 82 2351 29
100 2328 150 2353 ne
187 2312 329 2351 dicam
366 2321 521 2360 regem,
561 2301 786 2344 deseratis.
858 2297 1014 2338 Cetera
1054 2293 1183 2334 vobis
1219 2289 1437 2344 imperavi
1448 2306 1463 2339 ,-

99 2387 178 2425 lzoc
206 2398 332 2424 unum
372 2379 598 2420 debiturus
632 2389 738 2415 sum.
806 2373 874 2412 Et
914 2371 955 2410 is
982 2383 1066 2409 vos
1092 2379 1215 2419 rogo,
1247 2364 1323 2418 qui
1352 2361 1464 2402 nihil

102 2471 288 2510 unquam
326 2453 456 2495 vobis
492 2449 711 2505 praecepi,
740 2447 844 2502 quin
872 2443 1039 2497 primus
1066 2455 1130 2479 me
1158 2435 1366 2492 periculis
1397 2433 1464 2474 ob-

103 2531 288 2577 tulerim,
325 2529 401 2582 qui
435 2540 566 2578 saepe
596 2523 729 2562 aciem
755 2516 899 2572 filipeo
930 2530 1022 2556 meo
1052 2514 1163 2558 texi,
1193 2526 1244 2551 ne
1277 2506 1465 2565 infrege-

105 2656 122 2680 1
153 2665 255 2687 meos
281 2651 329 2686 de
358 2653 594 2685 coniectura.
707 2647 729 2672 2
757 2653 1007 2678 numeravere
1037 2642 1133 2674 item
1155 2637 1206 2674 de
1230 2637 1466 2670 coniectura.
