1703 2961
439 688 1048 764 PRAEFATIO.

67 885 157 984 Q.
200 914 357 962 Curtii
396 910 514 960 Rufi
546 911 797 959 librorum
835 910 899 958 de
948 910 1099 974 gestis
1147 906 1423 956 Alexandri

63 983 238 1044 Magni
257 993 379 1043 post
397 984 652 1028 inventam
672 993 829 1027 artem
850 978 1275 1042 typographicam
1294 979 1426 1027 haec

64 1046 161 1093 fuit
187 1046 407 1104 fortuna,
442 1057 499 1092 ut
530 1061 647 1092 cum
682 1061 710 1092 e
743 1046 877 1091 malo
911 1045 1090 1091 codice
1112 1045 1426 1108 negligenter

66 1112 187 1158 editi
224 1124 274 1158 et
303 1113 592 1173 insequenti
641 1122 875 1173 tempore
909 1122 1069 1173 prout
1101 1112 1286 1171 cuique
1324 1111 1426 1157 edi-

65 1189 235 1224 torum
265 1177 511 1235 libuerat,
547 1179 761 1223 correcti
794 1188 977 1234 essent,
1010 1191 1078 1221 ne
1109 1188 1296 1237 postea
1316 1178 1426 1237 qui-

64 1242 196 1300 dem,
232 1241 528 1289 melioribus
566 1242 870 1304 emendandi
899 1240 1167 1303 praesidiis
1193 1244 1425 1304 repertis,

63 1310 132 1355 ita
165 1307 228 1354 ad
272 1306 426 1354 fidem
473 1307 711 1354 codicum
753 1309 1218 1369 manuscriptorum
1263 1309 1428 1370 exige-

63 1385 262 1430 rentur,
292 1375 365 1419 uti
392 1375 574 1420 veritas
619 1375 732 1435 ipsa
772 1384 822 1419 et
854 1375 982 1419 ratio
1015 1373 1302 1419 Latinitatis
1330 1389 1428 1434 po-

65 1439 252 1485 stulare
285 1438 563 1485 videbatur.
634 1440 715 1485 Sic
749 1438 900 1485 huius
935 1439 1199 1499 scriptoris
1224 1439 1428 1500 integri-

65 1506 154 1549 tati
188 1506 431 1550 orationis
468 1503 635 1550 obfuit
682 1503 861 1549 eadem
903 1504 1012 1560 illa,
1053 1518 1185 1562 quae
1232 1503 1342 1549 aliis
1379 1515 1431 1549 et

62 1571 234 1631 poetis
268 1571 514 1629 imprimis
549 1567 761 1629 profuit,
794 1569 969 1629 religio
1008 1566 1259 1627 quaedam
1291 1570 1431 1629 prin-

66 1636 243 1696 cipum
274 1633 556 1678 editionum
584 1644 634 1678 et
665 1633 897 1694 vulgatae
924 1631 1177 1678 lectionis.
1247 1633 1379 1678 Nam
1402 1649 1432 1679 a

70 1698 330 1745 Vindelino
372 1697 611 1758 Spirensi,
655 1699 742 1759 qui
769 1699 966 1759 primus
1001 1712 1136 1742 anno
1175 1696 1295 1745 1471
1334 1699 1430 1746 Ve-

64 1764 214 1810 netiis
256 1762 528 1811 Curtianos
571 1761 898 1808 historiarum
949 1760 1108 1808 libros
1161 1764 1295 1825 typis
1346 1762 1432 1810 de-

66 1829 330 1890 scripsisse
373 1828 523 1890 vulgo
579 1829 892 1874 existimatur
939 1825 1270 1889 (quamquam
1315 1844 1433 1875 eum

64 1895 417 1957 principatum
448 1892 664 1939 Ebertus
699 1895 752 1939 in
783 1894 976 1941 Lexico
1019 1892 1430 1956 bibliographico

66 1958 130 2006 ad
164 1958 412 2005 editorem
443 1960 735 2004 Romanum
765 1958 1045 2020 Georgium
1063 1959 1319 2005 Lauerum
1343 1976 1432 2005 ne-

67 2026 174 2071 scio
210 2039 364 2086 quam
390 2039 506 2071 vere
540 2023 744 2070 detulit:
779 2036 915 2070 certe
944 2025 1154 2081 Veneta,
1186 2040 1297 2070 non
1328 2026 1432 2071 Ro-

64 2105 236 2146 mana,
287 2089 441 2135 editio
487 2091 869 2150 insequentium
909 2088 1025 2135 fons
1070 2088 1198 2150 fuit)
1240 2106 1270 2136 a
1310 2090 1432 2138 Vin-

66 2155 240 2201 delino
269 2156 417 2218 igitur
451 2170 613 2215 usque
644 2153 708 2200 ad
728 2155 1054 2201 Franciscum
1075 2154 1308 2201 Modium
1340 2154 1432 2201 bo·

65 2222 119 2266 ni
153 2219 289 2278 libri,
327 2235 354 2266 e
388 2219 573 2281 quibus
606 2235 786 2266 manus
818 2221 996 2266 veteris
1032 2221 1253 2266 auctoris
1289 2223 1431 2267 resti-

66 2287 139 2332 tui
167 2297 357 2347 posset,
390 2297 478 2331 aut
509 2284 886 2349 ignorabantur,
917 2296 1003 2331 aut
1029 2285 1431 2349 negligebantur,

66 2351 333 2412 multoque
376 2351 496 2413 plus
541 2350 794 2397 editorum
836 2352 1142 2397 coniecturis
1185 2366 1340 2413 quam
1373 2352 1433 2397 li-

66 2415 275 2462 brorum
307 2428 535 2463 veterum
570 2417 856 2462 auctoritati
889 2415 1124 2462 dabatur:
1153 2428 1433 2478 postquam

65 2480 272 2527 Modius
308 2497 350 2529 a.
392 2481 515 2529 1579
556 2482 788 2528 Curtium
820 2480 883 2527 ad
923 2480 1242 2527 membranas
1278 2479 1431 2528 Colo-

65 2548 267 2592 nienses
303 2557 353 2593 et
380 2546 798 2610 Siegebergenses
843 2559 1079 2593 accurate
1120 2548 1432 2592 recensitum

65 2612 392 2674 Antwerpiae
426 2610 595 2670 edidit,
624 2614 739 2675 ipsa
773 2613 1055 2675 scripturae
1083 2610 1341 2660 diversitas
1364 2610 1433 2658 ef-

1080 2685 1101 2704 fl
