1703 2961
0 0 3 18 ί

0 82 5 122 J
426 114 509 155 DE
542 111 748 154 GESTIS
778 109 947 152 ALEx.
972 109 1048 161 VI,
1079 109 1144 150 19.
1394 108 1471 153 171

1 152 4 170 1

0 239 5 305 '1
120 228 276 271 finibus
315 224 434 282 regni
476 222 538 265 sui
581 221 780 272 excessit,
820 229 864 263 et
894 236 996 264 eum
1027 220 1146 262 haud
1176 221 1330 278 procul
1358 220 1478 262 abes-

117 308 191 349 set,
220 298 446 356 praemisit
478 297 732 344 indicantes,
756 294 924 335 venisse
949 294 1145 350 reginam
1167 292 1354 334 adeundi
1387 293 1478 334 eius

57 384 106 413 26
121 369 500 428 cognoscendique
531 367 716 408 avidam.
785 366 988 407 Protinus
1019 364 1134 406 facta
1166 372 1383 420 potestate
1413 379 1481 406 ve-

118 442 277 490 niendi,
319 441 474 483 ceteris
512 439 632 480 iussis
673 438 919 486 subsistere,
970 436 1175 478 trecentis
1214 436 1482 479 feminarum

119 515 326 557 comitata
361 512 584 569 processit.
649 511 793 567 Atque
833 518 882 551 ut
911 509 1106 565 primum
1133 523 1208 548 rex
1237 508 1280 548 in
1304 522 1504 562 conspe-·

120 594 193 630 ctu
243 586 344 634 fuit,
391 599 504 641 equo
546 583 636 638 ipsa
683 582 881 624 desiluit¹
921 583 1028 623 duas
1067 581 1238 621 lanceas
1277 579 1481 621 dextera²

57 673 102 699 27
116 658 377 714 praeferens,
455 656 599 697 Vestis
654 671 747 697 non
792 662 888 696 toto
942 658 1220 694 Amazonum
1266 652 1478 708 corpori³

120 731 377 772 obducitur:
408 743 513 769 nam
543 729 661 770 laeva
695 742 793 784 pars
825 727 880 768 ad
911 733 1066 783 pectus
1093 731 1156 764 est
1176 723 1307 773 nuda,
1338 730 1484 764 cetera

119 802 277 844 deinde
307 800 519 843 velantur.
580 801 674 842 Nec
706 807 857 840 tamen
885 798 1001 840 sinus
1031 796 1168 845 vestis,
1201 803 1336 852 quem
1362 794 1484 836 nodo

57 886 102 913 23
122 874 340 930 colligunt,
383 869 495 912 infra
534 886 673 927 genua
718 870 955 913 descendit.
1015 868 1165 908 Altera
1195 868 1353 924 papilla
1378 867 1487 908 inta-

121 955 189 988 cla
219 952 423 994 servatur,
463 958 547 1000 qua
584 944 808 984 muliebris
841 956 963 984 sexus
994 940 1151 981 liberos
1183 941 1313 984 alant,
1343 939 1485 980 aduri-

119 1025 191 1058 tur
221 1017 406 1064 dextera,
437 1023 484 1055 ut
512 1030 638 1057 arcus
666 1015 832 1056 facilius
848 1013 1090 1061 intendant,
1117 1019 1160 1052 et
1186 1011 1270 1052 tela
1297 1011 1482 1052 vibrent-

60 1088 328 1132 29lnterrito
371 1087 491 1129 vultu
533 1101 681 1143 regern
719 1084 957 1127 Thalestris
987 1083 1252 1131 intuebatur,
1282 1082 1487 1124 habitum

121 1161 212 1200 eius
242 1159 583 1218 haudquaquam
624 1173 772 1199 rerum
813 1158 961 1198 famae
994 1170 1148 1212 parem
1181 1154 1317 1196 oculis
1345 1155 1489 1212 perlu-

121 1238 274 1285 strans.
310 1229 484 1287 Quippe
517 1231 756 1272 omnibus⁴
789 1228 984 1270 barbaris
1015 1228 1060 1268 in
1092 1241 1331 1283 corporum
1355 1227 1489 1268 maie-

122 1310 232 1344 state
271 1302 495 1343 veneratio
534 1310 616 1351 est,
652 1315 1006 1358 magnorumque
1032 1313 1233 1355 voperum
1262 1314 1355 1339 non
1382 1299 1488 1340 alios

125 1389 307 1431 capaces
339 1381 509 1430 putant,
551 1389 685 1431 quam
719 1387 828 1430 quos
854 1371 1008 1412 eximia
1039 1373 1182 1427 specie
1216 1371 1382 1412 donare
1413 1386 1489 1412 na·

65 1454 221 1493 30tura
254 1445 426 1500 dignata
464 1453 540 1487 est.
607 1444 820 1487 Ceterum
862 1445 1141 1499 interrogata,
1182 1458 1290 1484 num
1325 1443 1489 1501 aliquid

124 1525 273 1574 petere
298 1517 437 1567 vellet,
477 1517 596 1558 haud
639 1516 855 1558 dubitavit
892 1514 1039 1563 fateri,
1072 1515 1127 1555 ad
1158 1516 1490 1558 communican-

128 1591 207 1631 dos
240 1604 342 1631 cum
374 1603 473 1645 rege
503 1589 661 1629 liberos
692 1603 736 1629 se
766 1587 952 1628 venisse:
982 1587 1170 1643 dignam,
1204 1603 1253 1628 ex
1283 1603 1368 1644 qua
1396 1587 1489 1645 ipse

125 1659 245 1718 regni
263 1668 490 1716 generaret
515 1659 709 1701 heredes.
745 1658 971 1700 Feminini‘
985 1673 1107 1700 sexus
1134 1675 1178 1700 se
1199 1667 1489 1709 retenturam,

66 1754 109 1783 31
125 1747 296 1774 marem
338 1728 611 1773 reddituram
651 1731 780 1789 patri.
847 1730 1105 1781 Alexander,
1154 1746 1210 1772 an
1252 1748 1354 1774 eum
1393 1733 1488 1783 ipso

128 1806 314 1848 militare
345 1804 484 1854 vellet,
512 1805 777 1861 interrogat:
799 1811 843 1845 et
870 1803 952 1853 illa,
985 1810 1159 1844 causata
1185 1805 1276 1846 sine
1307 1807 1491 1848 custode

126 1892 312 1934 regnum
348 1876 581 1933 reliquisse,
622 1884 772 1933 petere
810 1875 1128 1933 perseverabat,
1165 1888 1221 1917 ne
1252 1892 1295 1918 se
1320 1877 1491 1920 irritam

68 1973 114 2001 32
129 1950 219 2007 spei
254 1950 373 1991 abire
409 1952 681 2005 pateretur.⁵
750 1948 911 1990 Aerior
946 1947 1002 1988 ad
1036 1947 1261 1990 Venerem
1298 1948 1501 1992 feminae'

132 2022 311 2079 cupido,
350 2036 482 2078 quam
520 2021 643 2078 regis,
682 2029 732 2062 ut
769 2036 937 2078 paucos
977 2019 1066 2061 dies
1105 2020 1367 2072 subsisteret,
1397 2038 1496 2079 per-

131 2095 253 2152 pulit.
313 2107 390 2136 xm
425 2093 515 2135 dies
545 2094 590 2135 in
631 2093 892 2150 obsequium
925 2092 1124 2134 desiderii
1154 2093 1244 2134 eius
1273 2094 1496 2151 absumpti

131 2173 250 2208 sunt.
320 2167 437 2207 Tum
474 2166 546 2208 illa
583 2181 771 2223 regnum
806 2181 948 2216 suum,
987 2180 1063 2206 rex
1093 2165 1359 2208 Parthienen
1387 2167 1510 2224 peti-r

133 2245 302 2280 verunt.

68 2361 122 2391 v1.
214 2339 298 2382 Hic
327 2354 431 2381 vero
471 2339 617 2396 palam
657 2338 916 2395 cupiditates
950 2353 1047 2380 suas
1091 2339 1230 2389 solvit,
1269 2339 1560 2398 continen-20

136 2418 330 2468 tlamque
362 2412 406 2453 et
441 2411 811 2461 moderationem,
847 2410 892 2451 in
923 2409 1128 2453 altissima
1157 2427 1329 2470 quaque
1359 2412 1500 2454 fortu-

136 2567 154 2591 1
183 2566 340 2601 desiliit.
559 2568 581 2594 2
606 2568 751 2610 dextra,
784 2569 881 2601 icem
904 2577 1054 2612 postea.
1270 2568 1290 2600 3
1319 2581 1496 2617 corpore.

224 2625 247 2652 4
271 2620 507 2656 hominibus.
717 2622 739 2652 5
760 2629 954 2671 pateretur
976 2623 1098 2657 abite.
