1703 2961
381 76 463 118 DE
498 74 708 119 GESTIS
735 78 904 122 ALEX.
938 79 1031 128 VH,
1058 78 1121 119 26.
1351 84 1430 124 225

161 188 311 247 Legati
353 188 509 231 deinde
545 189 760 231 Abiorum
801 189 1065 247 Scytharum
1107 193 1430 248 superveniunt,

73 262 206 310 liberi,
240 277 290 302 ex
319 276 405 318 quo
440 261 684 302 decesserat
714 261 870 318 Cyrus,
902 270 998 302 tum
1027 262 1238 319 imperata
1258 264 1428 309 facturi.

72 334 332 375 Iustissimos
371 333 659 374 barbarorum
691 335 939 374 constabat:
980 335 1112 376 armis
1139 334 1429 388 abstinebant,
1464 386 1473 388 -

72 404 150 445 nisi
184 404 384 445 lacessiti:
422 404 634 446 libertatis
674 405 854 447 modico
891 412 933 446 et
963 405 1130 462 aequali
1163 421 1240 448 usu
1271 408 1430 463 princi-

33 476 197 532 zpibus
231 476 489 517 humiliores
528 491 654 532 pares
684 475 891 518 fecerant.
916 481 928 501 ¹
991 477 1084 521 Hos
1113 478 1299 535 benigne
1330 480 1430 521 allo—

70 554 208 596 cutus,
246 548 299 587 ad
341 563 414 589 eos
451 547 649 605 Scythas,
687 548 760 605 qui
802 549 1030 605 Europam
1062 548 1275 598 incolunt,
1301 534 1430 593 Beni»

70 620 172 661 dam
212 619 434 676 quendam
468 619 585 660 misit
621 633 671 660 ex
705 619 876 670 amicis,
917 620 989 678 qui
1030 620 1309 664 denuntiaret
1347 621 1426 672 his,

67 706 123 732 ne
155 691 341 731 Tanaim
385 706 562 732 amnem
598 690 786 747 regionis
825 692 988 734 iniussu
1025 692 1137 750 regis
1174 693 1423 736 transirent.

66 762 226 804 Eidem
255 761 530 811 mandatum,
560 769 608 802 ut
639 764 1012 820 contemplaretur
1041 764 1245 806 locorum
1277 765 1423 814 situm,

69 841 112 875 et
141 834 235 875 illos
265 849 441 891 quoque
473 833 670 890 Scythas,
701 835 774 892 qui
805 851 935 893 super
962 837 1199 894 Bosporon
1224 836 1424 886 εοΙιιιιῒ,2

31 907 233 951 aviseret.
277 905 550 948 Condendae
587 907 718 947 urbi³
763 908 912 949 sedem
944 923 1074 964 super
1100 908 1242 965 ripam
1268 910 1426 952 Tanais

67 978 264 1034 elegerat,
306 977 544 1019 claustrum
585 985 629 1019 et
674 978 762 1020 iam
797 980 1196 1033 perdomitorum,·
1222 987 1266 1022 et
1315 997 1425 1038 quos

65 1050 223 1092 deinde
267 1050 386 1092 adire
423 1051 688 1093 decreverat.
749 1050 836 1092 Sed
876 1051 1105 1093 consilium
1146 1051 1311 1093 distulit
1349 1053 1426 1095 So-

62 1122 324 1179 gdianorum
351 1122 549 1164 nuntiata
582 1122 784 1172 defectio,
816 1137 927 1179 quae
958 1122 1218 1164 Bactrianos
1248 1139 1426 1182 quoque

29 1194 203 1238 4traxit.
266 1206 323 1235 vn
353 1195 470 1235 milia
500 1195 700 1252 equitum
729 1201 865 1244 erant,
897 1209 1088 1251 quorum
1113 1197 1423 1238 auctoritatem

66 1266 197 1308 ceteri
228 1267 539 1322 sequebantur.
606 1267 851 1308 Alexander
890 1265 1195 1322 Spitamenem
1226 1274 1271 1308 et
1296 1267 1425 1309 Cate-

63 1354 182 1385 nem,
225 1353 247 1378 a
286 1337 442 1394 quibus
479 1339 516 1379 ei
555 1338 741 1380 traditus
777 1343 872 1378 erat
913 1339 1085 1387 Bessus,
1114 1337 1234 1380 haud
1265 1339 1424 1382 dubius

64 1409 170 1466 quin
200 1423 355 1450 eorum
397 1425 531 1466 opera
560 1410 693 1466 redigi
723 1417 905 1466 possent
931 1409 977 1450 in
1004 1415 1320 1467 potestatem‚⁴
1348 1414 1422 1470 qui

17 1499 48 1527 :s
65 1488 332 1522 novaverant
360 1497 439 1532 res,
471 1483 593 1524 iussit
623 1482 798 1524 accersi.
818 1482 833 1509 ⁵
879 1482 939 1524 At
965 1482 1038 1533 illi,
1069 1481 1340 1533 defectionis,
1369 1485 1424 1526 ad

62 1568 195 1610 quarn
228 1553 523 1595 coercendam
558 1554 867 1604 evocabantur‚
905 1560 1121 1599 auctores,
1145 1555 1427 1612 vulgaverant

61 1625 241 1672 famam,
279 1624 537 1666 Bactrianos
570 1625 735 1682 equites
780 1640 804 1666 a
843 1639 945 1681 rege
983 1640 1137 1667 omnes
1171 1634 1221 1667 ut
1247 1629 1424 1671 occide·

60 1703 216 1738 rentur
243 1696 427 1738 accersi:
456 1696 586 1753 idque
617 1697 885 1752 imperatum
914 1697 1027 1753 ipsis,
1054 1713 1145 1739 non
1175 1700 1424 1743 sustinuisse

60 1774 210 1810 tamen
242 1768 404 1825 exequi,
446 1783 501 1809 ne
534 1767 790 1824 inexpiabile
822 1768 866 1809 in
895 1768 1129 1825 populares
1152 1769 1324 1813 facinus
1353 1773 1426 1814 ad„

61 1840 302 1882 mitterent.
350 1840 453 1881 Non
477 1840 614 1896 magis
632 1840 866 1882 Alexandri
882 1841 1119 1892 saevitiam,
1151 1858 1285 1899 quam
1303 1845 1423 1886 Bessi

59 1911 346 1969 parricidium
393 1910 508 1952 ferre
559 1912 763 1969 potuisse.
793 1940 795 1942 -
838 1914 994 1968 Itaque
1023 1928 1108 1964 ‘sua
1144 1921 1302 1970 sponte
1335 1916 1423 1957 iam

60 1991 207 2026 motos
247 1990 371 2025 metu
409 1999 580 2041 poenae
629 1984 747 2025 haud
807 1983 1042 2027 difficulter
1091 1986 1425 2042 concitaverunt

39 2044 120 2098 'ad
151 2071 288 2097 arma.

28 2140 53 2170 6
144 2127 401 2177 Alexander,
426 2127 751 2185 transfugarum
774 2123 1022 2170 defectione
1051 2138 1293 2185 comperta,
1319 2131 1423 2175 Cra·
1435 2143 1489 2188 27

59 2207 204 2242 terum
235 2200 436 2242 obsidere
481 2200 740 2258 Cyropolim
783 2201 926 2242 iubet:
963 2201 1054 2257 ipse
1091 2201 1222 2243 aliam
1263 2204 1421 2246 urbem

57 2271 244 2330 regionis
283 2273 480 2314 eiusdem
522 2288 687 2315 corona
728 2272 864 2328 capit3
899 2271 1125 2329 signoque,
1161 2281 1211 2314 ut
1235 2275 1423 2332 puberes

58 2343 430 2395 interficerentur,
476 2345 594 2396 dato,
631 2344 787 2402 reliqui
825 2344 871 2385 in
905 2345 1121 2400 praedam
1161 2362 1327 2389 cessere
1367 2349 1427 2390 vi·-

57 2460 75 2484 1
103 2459 289 2494 fecerunt.
352 2461 372 2486 2
399 2463 462 2495 Ex
487 2460 635 2496 emend.
668 2459 779 2506 Valg.
806 2460 988 2505 Bosporo
1018 2451 1210 2496 incolunt.
1266 2462 1285 2491 3
1312 2464 1428 2499 urbis.

147 2515 169 2546 4
193 2515 384 2548 Eiecin'ws
410 2515 460 2549 de
484 2519 644 2550 coniecc.
676 2514 777 2562 quod
796 2514 908 2560 vulgo
933 2514 997 2548 lzic
1020 2514 1187 2551 additur·
1212 2519 1432 2565 coercendo

147 2577 224 2601 eos.
362 2570 381 2598 5
408 2571 598 2609 accersiri,
626 2573 720 2604 icem
744 2568 864 2612 paulo
889 2577 991 2614 post.

1109 2631 1142 2673 P
