1703 2961
187 130 242 174 46
632 128 688 184 Q.
718 127 920 172 CURTn
956 128 1094 172 RUFI

183 244 296 287 stion
317 246 331 269 ¹
378 241 727 298 magnitudinem
768 240 903 282 animi
931 240 1183 297 spernentis,
1213 243 1335 298 quod
1369 243 1438 286 alii
1465 260 1544 302 per

185 318 302 374 ignes
340 315 595 370 ferrumque
634 319 850 369 peterent,
891 315 982 357 Vos
1009 316 1179 370 quidem
1210 319 1340 358 macti
1365 321 1544 368 virtute,

185 388 339 445 inquit,
383 397 536 433 estote,
573 388 649 442 qui
685 387 821 440 primi
865 387 1174 438 intellexistis,
1214 400 1373 444 quanto
1411 394 1548 432 maius

185 473 298 502 essee
323 477 497 515 regnum
522 455 764 516 fastidire,
807 474 931 514 quam
963 462 1168 515 accipere.
1225 463 1421 504 Ceterum
1445 463 1546 504 date

183 536 370 590 aliquem
407 535 551 588 regiae
586 533 757 584 scirpis,
793 534 868 586 qui
909 536 1160 583 meminerit,
1203 551 1229 574 a
1265 536 1393 577 vobis
1434 551 1546 576 acce-

183 619 306 662 ptum
354 608 505 648 habere
547 621 591 645 se
632 619 817 656 regnum.
881 604 1025 661 Atque
1053 609 1072 631 2
1123 606 1200 657 illi,
1241 621 1345 648 cum
1381 605 1546 647 multos
1561 615 1606 644 19

184 680 415 731 imminere
463 683 611 718 tantae
645 675 740 731 ⁴spei
779 684 1031 725 cernerent,
1080 677 1252 733 singulis
1298 678 1546 720 amicorum

183 751 416 794 Alexandri
464 749 521 790 ob
566 747 751 788 nimiam
798 748 918 804 regni
972 748 1259 805 cupiditatem
1308 750 1544 800 adulantes,

184 830 393 872 statuunt,
443 819 667 862 neminem
714 834 802 860 esse
848 819 1070 875 potiorem
1127 835 1260 877 quarn
1309 821 1547 863 Abdaloni-

183 908 310 939 mum
333 896 350 924 ³
391 893 625 951 quendam,
664 891 791 947 longa
827 892 1007 948 quidem
1037 893 1300 948 cognatione
1330 893 1452 949 stirpi
1479 908 1546 934 re-

181 969 274 1026 giae
313 980 546 1012 annexum,
587 964 663 1005 sed
703 964 761 1006 ob
797 963 992 1020 inopiam
1029 964 1333 1006 suburbanum
1361 964 1546 1006 hortum

183 1043 330 1098 exigua
383 1038 602 1081 colentem
647 1035 768 1092 stipe.
841 1034 982 1077 Causa
1031 1036 1068 1076 ei
1107 1037 1391 1094 paupertatis,
1433 1037 1606 1079 sicut2o

183 1114 411 1171 plerisque,
458 1109 652 1167 probitas
704 1115 820 1149 erat:
875 1108 1153 1165 intentusque
1207 1110 1327 1166 operi
1376 1108 1545 1158 diurno,

184 1185 415 1243 strepitum
466 1194 708 1228 armorum,
754 1180 827 1236 qui
877 1186 1020 1221 totam
1059 1181 1210 1221 Asiam
1253 1187 1545 1231 concusserat,

183 1274 276 1300 non
305 1254 572 1297 exaudiebat.

270 1328 427 1372 Subito
471 1325 639 1372 deinde,
677 1325 730 1365 de
771 1323 928 1380 quibus
969 1330 1070 1364 ante
1107 1323 1276 1366 dictum
1324 1332 1397 1374 est,
1438 1339 1538 1366 cum
1555 1341 1601 1369 21

183 1401 326 1458 regiae
363 1398 490 1439 vestis
539 1396 774 1453 insignibus
812 1396 993 1436 hortum
1033 1395 1222 1444 intrant,
1260 1412 1391 1453 quem
1427 1396 1542 1437 forte

184 1473 348 1518 steriles
376 1469 535 1510 herbas
558 1468 714 1524 eligens
731 1467 1048 1508 Abdalonimus
1074 1469 1350 1524 repurgabat.
1395 1468 1603 1510 Tum422

182 1561 283 1602 rege
329 1558 382 1585 eo
428 1540 629 1590 salutato,
666 1540 772 1580 alter
815 1553 865 1579 ex
904 1537 991 1579 his:
1030 1541 1235 1590 Habitus,
1270 1539 1424 1596 inquit,
1458 1543 1542 1591 hic,

180 1635 304 1676 quem
339 1615 474 1656 cernis
510 1615 556 1653 in
594 1615 698 1652 meis
731 1611 940 1660 manibus,
977 1628 1070 1652 cum
1108 1615 1195 1654 isco
1224 1613 1423 1667 squalore
1447 1630 1542 1666 per-

183 1691 412 1734 mutandus
446 1687 530 1728 cibi
565 1696 643 1727 esc.
713 1685 849 1726 Ablue
888 1699 1044 1738 corpus
1082 1686 1236 1725 illuvie
1274 1688 1542 1741 aeternisque

180 1765 382 1807 sordibus
413 1760 679 1816 squalidum:
734 1774 840 1812 cape
880 1760 996 1811 regis
1035 1760 1244 1806 animum,
1289 1769 1333 1798 ec
1369 1760 1415 1798 in
1445 1775 1538 1799 eam

168 1835 414 1895 fortunam,
437 1848 522 1888 qua
561 1834 716 1884 dignus
746 1845 803 1880 es,
831 1833 963 1872 istam
993 1833 1300 1872 concinentiam
1327 1829 1488 1887 perfer.
1516 1833 1532 1859 5

180 1913 247 1951 Ec
277 1923 370 1949 cum
411 1908 458 1947 in
488 1907 629 1958 regali
652 1906 762 1946 solio
788 1904 1010 1953 residebis,
1034 1906 1159 1945 vitae
1184 1906 1379 1959 necisque
1409 1907 1544 1945 omni-

180 1998 250 2024 um
279 1982 442 2022 civium
468 1981 680 2027 dominus,
710 1992 814 2018 cave
850 1977 1124 2018 obliviscaris
1150 1979 1275 2017 huius
1310 1976 1540 2032 [status],⁶

181 2059 227 2098 in
268 2069 351 2109 quo
389 2055 553 2106 accipis
590 2066 779 2105 regnum,
815 2052 943 2091 immo
973 2052 1151 2099 hercule,
1195 2061 1377 2105 proph-er
1405 2065 1538 2104 quem.

181 2125 367 2170 Somnio
408 2123 556 2166 similis
596 2138 664 2163 res
697 2121 995 2162 Abdalonimo
1025 2122 1273 2163 vibebatur:
1306 2122 1601 2168 interdum,23

181 2198 340 2241 satisne
378 2196 470 2237 sani
508 2201 660 2245 essent,
702 2193 775 2251 qui
813 2201 905 2234 tam
940 2200 1144 2249 proterve
1173 2193 1252 2234 sibi
1290 2193 1536 2242 illuderent,

179 2268 540 2327 percontabatur.
600 2266 688 2308 Sed
718 2273 768 2307 ut
800 2265 1023 2308 cunctanti
1055 2264 1231 2321 squalor
1261 2264 1432 2305 ablutus
1462 2271 1536 2313 cst,

181 2350 226 2383 et
263 2341 421 2382 iniecta
467 2339 594 2380 vestis
638 2352 833 2394 purpura
873 2351 1066 2392 auroque
1103 2336 1315 2386 distincta,
1354 2342 1398 2376 ct
1431 2333 1538 2377 fides

179 2507 456 2554 1110phaestio.
505 2505 591 2539 2At.
641 2506 985 2546 3Abdolominum,
1007 2507 1098 2538 item
1117 2505 1169 2537 sic
1191 2513 1339 2549 postca.
1399 2503 1533 2534 4111nc.

269 2564 288 2590 5
316 2561 457 2607 profer.
596 2559 614 2584 0
648 2563 730 2594 sine
755 2564 875 2603 uncis,
903 2562 968 2605 qui
991 2558 1164 2592 indicem(
1184 2571 1259 2591 nun
1286 2565 1466 2590 constare
1491 2556 1538 2588 «Ic

256 2615 348 2661 fide
371 2618 452 2649 eius
474 2616 581 2647 vocis.
