1703 2961
391 173 472 215 DE
515 173 726 219 GESTIS
774 180 941 222 ALEX.
975 181 1046 233 lV,
1074 186 1138 226 25.
1392 194 1442 231 05

35 294 54 324 3
86 289 150 325 set
178 284 368 326 exercitu
395 293 566 334 coacto,
594 285 859 333 descendere
891 292 944 335 ad
976 309 1019 336 se
1048 295 1180 339 iubet.
1226 300 1341 342 Sunt
1371 316 1442 343 au—

82 361 173 395 tem
213 355 436 398 Bactriani
476 359 591 399 inter
627 358 717 401 illas
764 371 913 418 gentes
962 370 1299 424 promptissimi,
1342 373 1442 415 hor-

79 425 182 467 ridis
211 427 403 482 ingeniis,
444 430 723 488 multumque
755 449 777 474 a
813 436 1042 478 Persarum
1072 439 1171 481 luxu
1203 442 1441 487 abhorren-

80 496 215 538 tibus:
245 499 312 540 siti
340 499 458 542 haud
490 502 644 557 procul
673 504 939 561 Scytharum
966 509 1288 555 bellicosissima
1310 524 1437 572 gente

22 582 48 607 4
77 576 120 609 et
147 577 274 626 rapto
304 572 442 613 vivere
476 581 642 616 assueta
681 590 855 633 semper
882 580 926 620 in
956 581 1086 623 armis
1117 589 1286 626 erant.¹
1349 588 1437 630 Sed

75 639 229 681 Bessus
266 651 463 699 suspecta
501 645 698 701 perfidia,
739 647 858 690 haud
890 652 999 694 vsane
1041 670 1181 711 aequo
1214 658 1360 701 animo
1394 662 1436 703 in

75 712 270 753 secundo
310 729 353 755 se
398 718 627 758 continens
677 720 828 774 gradu,
872 738 1017 780 regem
1054 728 1259 770 terrebat.
1319 732 1434 774 Nam

75 797 178 823 cum
208 798 391 840 regnum
433 788 674 842 affectaret,
711 792 916 848 proditio,
954 811 1037 853 qua
1070 799 1160 841 sola
1196 801 1240 842 id
1268 805 1433 862 assequi

71 860 260 909 poterat,
285 857 536 901 timebatur.

10 921 39 977 Js
159 926 370 971 Ceterum
412 932 672 985 Alexander,
714 951 847 992 quam
888 938 1110 997 regionem
1152 943 1323 988 Dareus
1361 964 1434 1004 pe-

9 992 12 1043 }
73 996 205 1048 tisset,
243 1001 364 1042 omni
405 1018 508 1044 cura
544 1006 767 1062 vestigans,
803 1016 952 1052 tamen
981 1014 1204 1069 explorare
1234 1033 1326 1060 non
1354 1035 1434 1076 po-

9 1073 12 1107 Ξ
68 1075 206 1119 terat,
241 1087 366 1113 more
415 1075 610 1131 quodam
646 1078 899 1130 Persarum,
934 1097 1091 1126 arcana
1130 1101 1283 1144 regum
1318 1093 1429 1135 mira

8 1146 41 1190 16
72 1140 307 1183 celantium
342 1141 442 1185 fide.
506 1147 611 1189 Non
650 1157 817 1201 metus,
860 1168 953 1195 non
990 1171 1086 1212 spes
1116 1159 1231 1202 elicit
1261 1178 1429 1215 vocem,

67 1225 152 1267 qua
180 1212 428 1267 prodantur
452 1219 638 1260 occulta.
695 1221 835 1264 Vetus
865 1224 1090 1283 disciplina
1123 1246 1276 1289 regum
1305 1236 1429 1279 silen-

8 1279 11 1335 1
67 1281 179 1322 tium
205 1283 317 1326 vitae
355 1287 552 1343 periculo
587 1301 799 1335 sanxerat.
853 1296 1022 1354 Lingua
1051 1304 1221 1357 gravius
1251 1308 1426 1366 castiga-

8 1338 11 1394 i
64 1358 152 1403 tur,
176 1370 309 1411 quam
339 1357 475 1399 ullum
506 1362 745 1416 probrum:
780 1382 863 1410 nec
891 1385 1099 1428 magnam
1130 1389 1225 1418 rem
1248 1381 1268 1404 ²
1302 1382 1427 1423 susti·-

7 1412 10 1472 1
65 1425 158 1466 neri
185 1442 312 1482 posse
343 1431 529 1472 credunt
569 1434 623 1475 ab
663 1451 728 1486 eo,
774 1439 842 1480 cui
874 1447 1020 1485 tacere
1051 1460 1179 1502 grave
1207 1450 1273 1501 sit,
1303 1455 1424 1510 quod

0 1503 10 1542 ς
61 1494 232 1540 homini
256 1498 512 1545 facillimum
541 1505 727 1549 voluerit
757 1525 845 1553 esse
874 1521 1042 1559 natura.

0 1582 28 1658 ll?
145 1597 219 1639 Oh
256 1597 371 1643 hanc
395 1618 571 1647 causam
610 1608 856 1653 Alexander
898 1614 1119 1670 omnium,
1160 1635 1273 1680 quae
1302 1627 1480 1684 apud26

0 1663 11 1735 ,1
60 1669 235 1711 hostem
265 1683 530 1728 gererentur,
572 1678 759 1735 ignarus,
789 1684 946 1728 urbem
980 1688 1147 1734 Gazam
1176 1696 1420 1742 obsidebat.

0 1739 11 1798 1
59 1741 267 1784 Praeerat
306 1745 402 1787 urbi
425 1748 442 1776 ³
481 1749 622 1801 Betis,
661 1753 842 1797 eximiae
877 1756 922 1799 in
962 1771 1111 1817 regem
1149 1782 1277 1810 suum
1307 1769 1421 1824 fidei,

7 1807 11 1831 ι

0 1834 10 1895 1
59 1814 327 1872 modicoque
363 1819 581 1874 praesidio
620 1838 771 1867 muros
807 1827 992 1885 ingentis
1021 1837 1164 1890 operis
1200 1842 1419 1890 tuebatur.

0 1886 31 1934 'is
59 1886 318 1936 Alexander,
358 1890 586 1934 aestimato
623 1894 827 1939 locorum
860 1900 954 1951 situ,
983 1906 1048 1960 agi
1084 1911 1311 1956 cuniculos
1338 1914 1420 1959 ius-

4 1953 11 2052 1
57 1958 130 2008 sit,
174 1959 290 2001 facili
339 1975 390 2002 ac
435 1961 516 2004 levi
554 1963 692 2008 humo
738 1979 996 2028 acceptante
1033 1981 1258 2026 occultum
1295 2001 1419 2045 opus,

0 2046 10 2091 1
57 2031 221 2087 quippe
266 2031 452 2074 multam
511 2050 691 2080 arenam
748 2040 943 2086 vicinum
1000 2064 1124 2093 mare
1180 2059 1419 2110 evomit,⁴

7 2099 11 2167 1
55 2115 138 2144 nec
185 2115 284 2144 saxa
331 2111 560 2163 cotesque,
628 2124 740 2168 quae
783 2115 1062 2174 interpellent
1109 2138 1284 2182 specus,
1339 2133 1417 2174 oh-

7 2179 30 2240 19
57 2180 181 2215 stant.
207 2175 223 2201 ⁵
278 2175 415 2232 Igitur
448 2179 502 2219 ab
528 2196 575 2222 ea
604 2192 741 2238 parte,
773 2203 906 2244 quam
925 2191 1133 2248 oppidani
1160 2203 1416 2259 conspicere

6 2246 11 2299 1
54 2260 144 2287 non
183 2255 376 2303 possent,
415 2264 527 2307 opus
576 2268 710 2305 orsus,
744 2265 794 2298 ut
832 2275 855 2301 a
893 2276 1020 2305 sensu
1057 2267 1148 2311 eius
1186 2280 1415 2326 averteret,

7 2302 10 2381 1
51 2322 191 2359 turres
221 2319 358 2360 muris
382 2321 607 2366 admoveri
637 2325 772 2370 iubet.
823 2331 911 2374 Sed
943 2335 1097 2379 eadem
1125 2340 1288 2387 humus
1318 2358 1414 2390 mo-

0 2386 10 2427 ὲ
51 2388 201 2430 vendis
224 2390 246 2415 ς
282 2390 445 2434 inutilis
483 2397 688 2449 turribus,
726 2400 950 2448 desidente·
985 2409 1136 2454 sabulo
1175 2416 1411 2473 agilitatem

8 2536 10 2557 ³
52 2547 70 2572 1
94 2559 318 2596 semperque
342 2552 383 2586 in
406 2552 519 2590 armis
547 2563 683 2594 errant.
845 2575 850 2579 ’
872 2565 892 2589 2
915 2564 1094 2605 Additur
1117 2572 1159 2607 in
1185 2572 1299 2610 libris
1322 2588 1408 2614 mss.

139 2604 270 2649 magis.
402 2606 423 2637 3
454 2609 502 2644 ei.
640 2615 663 2645 4
690 2614 806 2653 codd.
832 2629 1023 2657 evomens.
1144 2628 1165 2656 5
1190 2629 1407 2669 obstabant.

138 2655 160 2681 ⁶
185 2657 446 2695 admovendis.

1099 2740 1139 2782 E
