1703 2961
387 172 469 215 DE
499 174 706 220 GESTIS
741 179 906 224 ALEx.
941 184 1012 234 VI,
1044 184 1112 228 43.
1357 195 1433 237 195

77 297 263 325 sermone
286 285 401 327 ultro
431 292 621 342 repetito
649 293 824 343 adiecit,
863 311 920 345 se,
952 300 1048 338 sivo
1076 304 1323 346 auderemus
1354 309 1433 349 du-

75 371 143 395 ces
175 372 276 403 esse,
311 362 538 410 proximas
578 380 604 403 a
636 365 758 406 nobis
791 379 944 420 parces
973 375 1305 418 vindicaturum.
1336 383 1431 421 sive

13 438 58 468 29
74 428 241 479 deesset:
269 434 449 480 animus,
481 438 703 476 consilium
727 440 903 483 silencio
931 458 1017 484 csse
1049 456 1271 490 tectarum.
1331 454 1427 493 Par-

70 503 269 549 mene‘oni,
311 506 419 545 vivo
452 508 591 547 adhuc
629 511 782 552 Dareo
819 517 1131 570 intempestiva
1158 537 1224 562 res
1255 527 1425 566 videba-

67 581 161 623 tur:
201 590 285 616 non
315 580 426 617 enim
462 580 559 628 sibi,
598 584 675 628 sed
706 586 841 635 hosti,
877 604 967 629 esse
997 596 1213 635 occisuros
1238 597 1424 640 Alexan-

15 672 45 695 :s
65 645 213 687 drum:
268 650 419 692 Dareo
467 667 571 693 vero
613 656 798 705 sublaco,
839 667 1079 713 praemium
1126 671 1243 721 regis
1291 675 1423 712 occisi

62 719 214 758 Asiam
243 731 288 761 ec
340 732 479 764 totum
520 728 739 770 Orientem
776 732 1127 791 interfectoribus
1165 758 1256 781 esse
1286 758 1419 786 cessu-

62 792 155 837 ra.¹
225 795 562 854 Approbacoque
597 805 800 854 comilc’o,
841 809 886 848 ἰη
917 811 1022 851 haec
1048 811 1173 868 fides
1201 818 1278 856 ec²
1310 819 1417 859 dac-a

28 873 129 905 oesc
163 875 208 906 eL·
255 879 444 921 accepta.
522 875 651 936 Quod
696 879 754 916 acl
794 879 1008 923 Dimnum
1055 890 1266 939 pertinet,
1307 893 1418 931 nihil

56 938 169 985 scio,
198 949 244 979 ec
275 942 379 982 haec
414 942 634 1001 confessus
671 951 870 1005 intelligo
912 971 995 997 ηοιι
1036 962 1243 1010 prodesse
1293 966 1413 1013 milti,

13 1022 41 1058 ’.ζ
55 1011 172 1067 quod
204 1016 430 1064 proxz‘mi3
474 1019 646 1060 sceleris
686 1039 841 1076 expers
867 1041 973 1067 sum·
1030 1030 1094 1070 Illi
1137 1047 1284 1074 rursus
1326 1042 1413 1076 tor-

52 1082 212 1123 mentis
244 1085 456 1137 admotis,
507 1105 608 1131 cum
651 1093 786 1149 ipsis4
823 1113 998 1155 quoque
1047 1100 1181 1145 hastis
1222 1121 1270 1147 os
1309 1122 1410 1149 ocu-

53 1151 202 1210 losque
234 1155 324 1197 eius
365 1160 692 1214 everberarent,
738 1176 1033 1223 expressere,5
1080 1182 1129 1216 ut
1169 1176 1257 1219 hoc
1299 1196 1410 1236 quo-

19 1237 152 1284 2queq
177 1227 344 1269 crimen
374 1231 670 1278 confiteretur.
730 1238 1010 1295 Exigentibus
1037 1246 1214 1299 deinde,
1254 1258 1302 1291 ut
1341 1267 1410 1293 or-

50 1297 200 1339 dinem
253 1301 427 1357 cogitati
482 1306 653 1349 sceleris
713 1322 968 1367 exponeret,
1040 1334 1142 1360 cum
1207 1321 1282 1363 diu
1325 1324 1407 1365 Ba-

50 1358 150 1412 ctra⁷
173 1379 395 1415 retentura
434 1390 581 1432 regem
621 1381 884 1436 viderentur,
925 1388 1120 1432 timuisse
1166 1397 1403 1450 respondit,

45 1457 102 1482 ne
130 1451 257 1498 pater
282 1457 361 1485 Lxx
387 1453 516 1489 natus
547 1464 698 1501 annos,
735 1458 845 1498 tanti
885 1462 1095 1505 exercitus
1126 1464 1223 1516 dux,
1254 1463 1402 1511 tantae

45 1515 258 1568 pecuniae
301 1525 466 1566 custos,
506 1521 682 1565 interim
721 1528 1054 1585 extingueretur,
1093 1535 1276 1594 ipsique,
1305 1555 1403 1596 spo-

43 1582 149 1624 liato
189 1588 320 1629 tantis
361 1589 542 1643 viribus,
584 1596 813 1640 occidendi
856 1604 966 1658 regis
1003 1620 1129 1648 causa
1157 1624 1250 1651 non
1279 1620 1400 1654 esset.

42 1653 282 1699 Festinasse
317 1675 417 1716 ergo
453 1678 509 1714 se,
549 1666 653 1708 dum
684 1673 930 1724 praemium
961 1676 1006 1718 in
1034 1681 1237 1722 manibus
1267 1681 1401 1724 habe-

45 1729 159 1774 ret‚⁶
188 1741 515 1786 repraesentare
544 1741 788 1791 consilium,
821 1746 942 1789 cuius
973 1757 1147 1806 patrem
1175 1763 1399 1810 expertem

41 1795 205 1841 fuisse⁷
238 1802 318 1843 nisi
349 1806 591 1860 crederent,
623 1821 861 1865 tormenta,
891 1834 1162 1879 quamquam
1179 1825 1301 1866 iam³
1333 1834 1397 1868 to-

44 1867 182 1912 lerare
218 1888 310 1915 non
351 1886 510 1932 posset,
550 1890 699 1926 tamen
729 1903 819 1929 non
845 1904 1058 1935 recusare.
1079 1898 1101 1922 9
1165 1897 1230 1938 Illi
1264 1898 1395 1940 collo-

42 1943 131 1983 cuti
162 1945 264 1987 satis
293 1950 535 2004 quaesitum
563 1954 709 2006 videri,
740 1959 794 2000 ad
822 1976 970 2019 regern
999 1975 1291 2012 revertuntur.

123 2015 211 2071 Qui
252 2028 430 2075 postero
469 2024 537 2066 die
577 2034 619 2068 et
658 2044 768 2085 quae
804 2034 1027 2078 confessus
1067 2047 1160 2080 erat
1198 2041 1453 2091 Philotas44

36 2087 221 2139 recitari,
255 2098 299 2132 et
333 2093 487 2150 ipsum,
528 2098 628 2154 quia
659 2100 822 2158 ingredi
850 2123 942 2149 non
967 2117 1155 2164 poterat,
1182 2113 1305 2156 iussit
1335 2116 1396 2157 af-

36 2156 152 2203 ferri.
214 2161 376 2206 Omnia
404 2179 664 2223 agnoscente
691 2190 758 2224 e0,
776 2180 820 2202 ¹0
861 2180 1124 2234 Demetrius,
1154 2186 1227 2241 qui
1253 2190 1393 2241 proxi-

35 2229 99 2270 mi
122 2231 292 2276 sceleris
320 2239 539 2297 particeps
569 2259 659 2286 esse
685 2249 958 2304 arguebatur,
980 2256 1262 2310 producitur:
1283 2260 1390 2301 mul-

35 2306 79 2341 ta
116 2301 429 2362 affirmationej,
468 2314 692 2373 animique
730 2321 893 2374 pariter
929 2328 1172 2370 constantia
1219 2338 1264 2371 et
1301 2332 1390 2373 vul-

22 2377 163 2413 ¹tus¹¹
192 2376 397 2433 abnuens,
428 2384 665 2444 quicquam
677 2390 757 2432 sihi
784 2392 831 2434 in
848 2408 993 2451 regem
1015 2399 1255 2455 cogitatum
1282 2419 1389 2455 esse,

36 2505 55 2531 ¹
79 2519 282 2546 cessurum·
354 2516 373 2542 ²
396 2519 517 2555 abest.
587 2523 606 2552 3
634 2537 799 2570 prorsus.
878 2531 900 2560 4
923 2532 1010 2577 ipsi.
1091 2535 1112 2563 5
1137 2535 1208 2571 hoc
1231 2538 1387 2573 verbum

126 2564 234 2610 vulgo
257 2578 347 2610 post
370 2572 613 2611 confiteretur
633 2583 815 2623 positum.
911 2584 933 2609 6
950 2585 1109 2623 haberet
1131 2590 1173 2624 in
1197 2593 1385 2628 manibus.

126 2616 143 2642 7
173 2619 277 2654 cuius
301 2631 446 2668 patrem
468 2628 584 2664 fuisse
610 2641 817 2674 auctorem.
877 2638 894 2665 8
923 2640 1043 2675 abest.
1104 2645 1125 2671 9
1151 2645 1213 2679 Ex
1237 2648 1386 2681 emend.

122 2681 322 2721 recusaret,
463 2682 504 2706 10
531 2685 678 2722 eodem.
819 2691 860 2716 11
885 2693 1003 2727 vultu.

1027 2759 1123 2799 N2
