1703 2961
412 135 494 177 DE
523 133 731 177 GESTlS
760 133 929 175 ALEX.
960 133 1073 185 Vlll,
1109 132 1149 178 6.
1376 133 1456 173 2³5

109 247 442 290 circumstantes
478 259 646 301 rogare,
670 258 734 291 >ne
775 259 820 285 se
847 251 971 286 tanto
1012 243 1219 286 dedecori
1259 243 1461 299 supersti-

54 329 77 359 6
106 318 198 360 tem
232 333 321 359 esse
355 324 617 372 paterentur.
663 316 810 356 1nter¹
858 314 936 357 has
967 330 1120 372 preces
1154 322 1248 356 tota
1280 331 1367 356 nox
1394 330 1460 355 ex-

105 391 280 431 tracta2
315 395 390 430 est.
424 390 802 443 Scrutantemque‚
832 402 940 428 num
976 387 1038 427 ira
1070 386 1256 427 deorum
1287 387 1340 426 ad
1369 394 1461 426 tan-

105 468 202 501 tum
233 459 353 501 nefas
380 466 502 502 actus
528 466 650 506 esset,
681 458 796 499 subit
824 457 1165 499 anniversarium
1196 456 1461 499 sacrificium

104 532 266 572 Libero
319 532 436 571 Patri
481 545 572 571 non
615 545 704 571 esse
751 529 975 570 redditum
1030 536 1192 572 statuto
1241 538 1457 586 tempore.

104 604 255 660 ltaque
288 602 413 643 'inter
446 602 597 643 vinum
635 609 678 642 et
713 601 860 658 epulas
904 600 1038 642 caede
1069 601 1315 650 commissa,
1346 601 1460 641 iram

55 693 74 719 7
107 675 175 715 dei
201 673 330 715 fuisse
360 673 651 715 manifestam.
701 672 912 714 Ceterum
939 673 1073 729 magis
1105 689 1156 715 eo
1185 673 1459 720 movebatur,

106 746 226 803 quod
275 745 476 787 omnium
527 745 770 786 amicorum
810 745 982 786 animos
1021 747 1197 787 videbat
1233 745 1462 786 attonitos:

104 817 328 858 neminem
369 832 471 859 cum
512 816 604 874 ipso
650 818 816 859 sociare
854 832 1106 859 sermonem
1147 825 1299 874 postea
1339 831 1464 857 ausu-

103 904 226 930 rum:
262 889 497 930 vivendum
537 905 625 930 esse
665 889 710 929 in
739 888 972 930 solitudine
996 890 1114 931 velut
1136 890 1256 931 ferae
1282 889 1462 935 bestiae,

53 975 71 1003 e
107 960 287 1003 terrenti
314 960 430 1008 alias,
468 960 570 1002 alias
599 961 785 1003 timenti.
830 961 974 1002 l’rima
1007 962 1165 1003 deinde
1193 961 1290 1004 luce
1321 961 1466 1002 taber-

105 1032 266 1074 naculo
309 1047 478 1088 corpus,
511 1033 622 1074 sicut
660 1032 805 1074 adhuc
845 1041 1078 1074 cruentum
1115 1041 1219 1083 erat,
1261 1032 1383 1073 iussit
1403 1032 1465 1072 in-

104 1104 222 1146 ferri.
274 1103 375 1158 Quo
407 1104 550 1159 posito
589 1111 690 1144 ante
716 1105 870 1159 ipsum,
898 1103 1087 1145 lacrimis
1118 1105 1296 1154 obortis,
1323 1109 1462 1154 IIanc,

104 1175 258 1232 inquit,
297 1178 458 1217 nutrici
497 1193 613 1217 meae
650 1179 842 1230 gratiam
882 1176 1046 1224 rettuli,
1079 1178 1201 1218 cuius
1239 1179 1325 1219 dno
1362 1179 1465 1236 filii

107 1249 226 1302 apud
253 1250 456 1289 lllilecum
495 1265 575 1303 pro
615 1266 706 1289 mea
736 1251 881 1302 gloria
913 1249 1137 1290 occubuere
1167 1261 1362 1302 mortem,
1391 1254 1464 1293 Ῐιὶσ

96 1317 264 1377 frater,
296 1323 464 1361 unicum
510 1323 716 1363 orbitatis
744 1324 963 1369 solacium,
993 1338 1021 1362 a
1062 1339 1126 1362 me
1163 1326 1280 1365 incer
1315 1327 1466 1378 epulas
1493 1332 1505 1342 '

53 1406 75 1438 9
109 1394 274 1434 occisus
302 1405 380 1433 esc.
455 1396 549 1458 Quo
580 1411 687 1436 nunc
716 1411 762 1435 se
791 1392 984 1452 cmfixret
1010 1397 1196 1437 misera?
1255 1398 1466 1439 Omnibus

107 1467 200 1505 eius
238 1481 345 1506 unus
378 1483 612 1520 supersum,
647 1484 769 1523 quem
806 1469 943 1508 solum
971 1470 1118 1516 aequis
1148 1471 1284 1510 oculis
1314 1473 1466 1511 videre

108 1553 193 1578 non
220 1540 400 1591 poterit.
442 1541 509 1578 Ec
539 1554 616 1591 ego
647 1551 919 1580 sere-acorum
950 1555 1134 1581 meorum
1165 1543 1294 1590 latro,
1325 1560 1467 1584 rever-

110 1611 254 1650 carin
297 1612 504 1664 patriam,
550 1621 600 1652 ut
645 1629 695 1652 ne
735 1614 939 1651 dextram
974 1615 1146 1668 quidem
1182 1619 1342 1656 nutrici
1375 1619 1469 1659 sine

53 1684 316 1723 xomemoria
341 1684 611 1724 calamitatis
638 1686 728 1724 eius
757 1683 914 1741 offerre
943 1688 1140 1738 possim?
1164 1686 1224 1727 Et
1251 1704 1353 1729 cum
1374 1688 1470 1731 finis

112 1753 302 1795 lacrimis
337 1754 607 1811 querelisque
646 1771 737 1796 non
777 1755 911 1805 fieret,
953 1756 1067 1798 iussu
1095 1758 1341 1802 amicorum
1375 1777 1472 1803 cor-

53 1840 190 1880 upus
219 1825 413 1866 ablatum
444 1833 517 1866 est.
564 1827 657 1867 Rex
682 1827 877 1868 triduum
910 1827 1043 1869 iacuit
1072 1829 1272 1872 inclusus.
1321 1832 1469 1888 Quem

111 1903 162 1937 ut
202 1896 403 1953 armigeri
438 1897 957 1955 corporisque’custodes
996 1900 1050 1941 ad
1080 1903 1362 1945 moriendum
1395 1905 1471 1946 ob-

113 1968 324 2010 stinatum
355 1983 445 2009 esse
485 1976 796 2026 cognoverunt,
837 1969 1021 2013 universi
1058 1972 1103 2013 in
1134 1974 1470 2018 tabernaculum

112 2040 376 2095 irrumpunt,
409 2040 569 2097 diuque
595 2041 797 2096 precibus
824 2041 1019 2098 ipsorum
1048 2044 1312 2088 reluctatum
1344 2064 1471 2106 aegre

55 2112 323 2161 12vicerunt,
366 2119 415 2152 ut
452 2112 603 2153 cibum
643 2121 830 2167 caperet.
915 2114 1107 2172 Quoque
1141 2117 1287 2160 minus
1328 2122 1472 2163 caedis

114 2183 312 2241 puderet,
354 2183 446 2224 iure
483 2183 768 2225 interfectum
806 2183 972 2227 Clitum
1011 2188 1278 2232 Macedones
1327 2192 1474 2235 decer-

115 2262 247 2305 nunt,
290 2255 509 2312 sepultura
556 2271 731 2312 quoque
775 2255 1063 2313 prohibituri,
1104 2260 1149 2301 ni
1184 2275 1259 2303 rex
1295 2261 1473 2306 humari

114 2325 316 2372 iussisset.

57 2445 103 2474 13
199 2426 335 2483 Igitur
383 2426 538 2469 decem
585 2426 736 2470 diebus
785 2430 974 2473 maxime
1016 2431 1071 2472 ad
1111 2431 1467 2482 confirmandum
1507 2445 1535 2493 7

117 2497 336 2554 pudorem
374 2499 492 2555 apud
538 2499 808 2543 Maracanda
861 2504 1154 2560 consumptis,
1203 2521 1306 2550 curn
1343 2518 1469 2566 parte

114 2616 133 2640 1
158 2616 212 2652 iu.
399 2615 434 2644 '2
468 2627 611 2654 exacta.
