1703 2961
465 372 539 448 Q.
611 369 991 428 CURTII
1051 371 1300 429 RUFI

842 501 924 535 DE

700 602 1045 646 GESTIS

287 713 995 784 ALEXANDRI
1063 657 1469 785 MAGNI

583 862 749 901 REGIS
796 861 1169 901 MACEDONUM

708 1028 920 1069 LIBER
958 1029 1029 1069 lx.

608 1281 1118 1321 ARGUMENTUM.

192 1365 250 1412 (1)
276 1335 527 1404 Alexander
554 1367 640 1412 (suh
665 1369 851 1401 aestivum
876 1368 1090 1401 solsticium
1117 1380 1154 1400 a.
1179 1380 1217 1400 a.
1242 1365 1327 1400 Chr.
1342 1375 1423 1400 nac.
1450 1368 1552 1413 327.)

191 1433 352 1467 victoria
373 1431 419 1464 de
445 1431 544 1464 Poro
571 1430 613 1462 in
642 1430 824 1463 ulteriore
850 1430 935 1476 ripa
961 1429 1149 1475 Hydaspis
1179 1428 1310 1474 (hodie
1334 1429 1552 1475 Dsclzilum)

189 1501 399 1540 reportata,
425 1492 563 1525 milites
597 1503 667 1537 pro
704 1491 890 1524 contione
915 1491 1046 1524 laudat
1071 1492 1264 1537 donisque
1291 1498 1413 1534 ornat,
1438 1503 1551 1525 naves

188 1557 231 1589 in
255 1555 434 1600 IIydaspe
466 1553 634 1586 construi
670 1553 789 1598 jubet,
827 1552 918 1586 duas
951 1553 1063 1586 urbes
1096 1554 1138 1586 in
1164 1561 1324 1598 utraque
1350 1553 1433 1598 ripa
1461 1553 1551 1598 <Ni-

189 1629 320 1652 caeam
358 1623 394 1649 et
434 1614 716 1661 Bucephalam)
756 1614 903 1648 condit.
960 1615 1016 1659 (2)
1051 1615 1152 1648 Tum
1176 1615 1276 1649 Poro
1302 1625 1415 1648 amne
1439 1626 1550 1661 supe-

188 1688 285 1722 rato,
324 1680 417 1724 (sive
448 1679 568 1710 Porus
594 1689 732 1709 nomen
748 1676 843 1721 sicit
875 1676 1017 1720 reguli,
1043 1688 1244 1709 commune
1269 1674 1370 1709 illud
1393 1676 1548 1722 quidem

187 1755 272 1775 cum
299 1741 428 1773 altero
451 1740 563 1779 Poro,
592 1746 631 1771 et
645 1739 770 1770 amnis
785 1737 982 1779 Acesines,
1000 1739 1066 1781 qui
1090 1749 1190 1770 nunc
1203 1736 1352 1771 Chz'nab
1369 1740 1546 1784 vocatur)

185 1814 254 1849 per
278 1802 389 1835 silvas
415 1801 591 1845 ingentes
627 1810 671 1832 ac
706 1797 854 1831 deserta
882 1798 929 1831 ad
956 1797 1116 1831 fluvium
1141 1797 1339 1842 Hyarotim
1362 1798 1440 1831 sive
1464 1799 1547 1844 Hy-

186 1865 346 1898 draoten
378 1859 511 1907 (hodie
543 1861 673 1904 Ram)
711 1866 903 1905 penetrat,
946 1870 1071 1905 eoque
1104 1859 1274 1896 traiecto.
1310 1859 1369 1905 (3)
1404 1860 1451 1893 ad
1485 1872 1544 1893 ur-

183 1926 319 1960 urbem
346 1933 523 1968 magnam
558 1929 595 1954 et
625 1921 812 1954 munitam
846 1921 1050 1966 (Sangala)
1083 1921 1198 1961 venit,
1237 1921 1342 1954 cuius
1383 1922 1546 1965 incolae,

185 2000 272 2021 cum
295 1985 444 2020 fortiter
469 1982 645 2016 adversus
672 1982 905 2016 Macedones
933 1983 980 2016 de
1005 1981 1191 2016 vehiculis
1216 1981 1316 2015 inter
1338 1993 1378 2016 se
1402 1983 1544 2018 iunctis

182 2052 424 2094 pugnassent,
462 2044 554 2078 inde
591 2043 741 2089 depulsi
775 2043 876 2076 intra
902 2044 1056 2077 moenia
1080 2054 1119 2076 se
1145 2042 1350 2089 recipiunt.
1404 2044 1547 2078 Verum

181 2109 270 2142 urbs
307 2117 462 2153 quoque
496 2105 533 2137 vi
566 2111 816 2150 expugnatur.
879 2102 937 2150 (¹1)
973 2105 1105 2151 Copiis
1139 2104 1270 2138 divisis
1296 2105 1400 2150 regio
1426 2113 1545 2139 vasta-

180 2178 254 2213 tur,
274 2168 487 2202 Alexander
513 2166 595 2211 ipse
619 2167 736 2199 aliam
762 2166 913 2209 urbem,
936 2166 982 2199 ab
1012 2167 1150 2200 incolis
1175 2166 1274 2199 inter
1295 2178 1333 2200 se
1361 2166 1544 2200 dissiden-

179 2232 280 2265 tibus
298 2230 501 2275 proditam,
523 2228 636 2273 capit,
660 2234 697 2260 et
716 2227 913 2260 obsidibus
935 2228 1143 2261 clementer
1160 2228 1338 2269 tractatis,
1361 2228 1542 2261 barbaros

181 2291 410 2339 (cathaeos)
446 2296 658 2335 permovet,
692 2296 735 2322 ut
770 2296 893 2322 cetera
920 2289 1064 2335 oppida
1092 2289 1246 2322 dedant.
1298 2289 1358 2334 (5)
1382 2289 1474 2323 Inde
1498 2290 1541 2323 in

178 2365 337 2399 regnum
376 2351 546 2397 Sophitis
580 2351 792 2395 (Σωπείθην
827 2351 1005 2395 appellat
1038 2349 1256 2394 Diodorus)
1287 2351 1402 2389 venit.
1431 2351 1541 2384 cuius

178 2415 298 2460 gentis
324 2413 513 2459 sapientia
551 2411 771 2445 excellentis
808 2413 979 2445 instituta
1005 2419 1365 2445 commemorantur.
1414 2414 1541 2458 Regu-

176 2477 235 2510 lus
265 2472 466 2518 magnifice
498 2480 651 2506 ornatus
677 2473 894 2507 Alexandro
923 2474 1158 2516 occurrit‚se
1179 2480 1408 2519 gentemque
1433 2486 1541 2508 suam

178 2537 325 2571 dedens
351 2543 388 2569 et
415 2535 520 2568 dona
542 2534 719 2574 offerens,
746 2536 800 2581 (6)
825 2537 925 2569 inter
953 2546 1050 2582 quae
1071 2542 1107 2569 et
1128 2546 1240 2568 canes
1264 2535 1430 2578 fuerunt,
1448 2547 1543 2581 quo--

177 2611 262 2632 rum
305 2597 540 2631 admirabilis
584 2597 699 2629 virtus
742 2597 789 2629 ad
829 2597 1046 2630 venandum
1090 2596 1332 2630 describitur.
1387 2597 1541 2630 Relicto

179 2659 340 2705 Sophite
367 2658 415 2691 ad
440 2658 643 2704 Hyphzniu
680 2670 842 2702 amnem,
869 2657 1044 2692 ultimum
1075 2669 1119 2691 ex
1147 2658 1191 2692 iis
1225 2657 1288 2703 qui
1314 2657 1451 2691 Indum
1478 2669 1541 2690 au-
