1703 2961
387 134 469 177 DE
509 130 719 178 GESTIS
758 129 926 172 ALEX.
955 128 1032 181 IV,
1061 126 1126 170 15.
1383 127 1436 173 57

84 247 336 298 indicasset,
391 246 583 289 oblatam
616 258 722 295 ‚esse
760 258 841 300 per
881 255 1088 285 somnum
1136 239 1215 282 sibi
1248 239 1440 296 speciem

83 319 308 377 Apollinis,
345 334 479 375 quem
519 315 674 358 eximia
705 314 915 370 religione
947 311 1156 361 colerent,
1182 312 1337 354 urbem
1369 313 1443 353 de-

84 392 288 443 serentis,
329 390 582 446 molemque
620 402 642 428 a
675 386 997 428 Macedonibus
1034 384 1078 424 in
1114 384 1201 425 salo
1236 384 1396 426 iactam
1422 387 1435 408 ¹

18 462 128 504 22in
155 463 394 505 silvestrem
424 461 580 502 saltum
612 474 702 500 esse
724 466 960 499 mutatam:
1001 470 1268 513 quamquam
1289 464 1444 498 auctor

84 535 187 576 levis
227 544 332 585 erat,
371 539 521 574 tamen
556 531 611 573 ad
654 530 872 572 deteriora
901 527 1119 572 credenda
1149 528 1276 584 proni
1310 535 1445 578 metu,

86 621 216 648 aurea
245 613 398 650 catena
431 604 658 646 devinxere
690 603 986 648 simulacrum,
1019 615 1206 657 araeque
1234 599 1444 648 Herculis,

86 677 209 719 cuius
246 676 416 718 numini
457 676 613 718 urbem
663 675 924 725 dicaverant,
955 673 1175 714 inseruere
1207 671 1445 720 vinculum,

87 748 209 805 quasi
243 748 315 790 illo
352 747 436 790 deo
496 748 747 804 Apollinem
781 754 1021 788 retenturo.
1044 747 1064 770 ²
1138 743 1370 801 Syracusis,
1402 743 1447 784 id

88 819 375 873 simulacrum
412 820 675 862 devexerant
712 818 870 868 Poeni,
909 826 953 859 et
994 817 1040 858 in
1077 817 1247 858 maiore
1283 815 1450 856 locave-

88 899 191 933 rant
230 893 393 949 patria,
443 892 677 950 multisque
719 891 808 933 aliis
849 889 994 946 spoliis
1034 888 1211 930 urbium
1249 903 1272 929 a
1311 894 1451 929 semet

92 971 323 1021 captarum
360 978 451 1005 non
495 963 808 1020 Carthaginem
837 962 984 1018 magis,
1016 975 1150 1018 quam
1182 960 1351 1017 Tyrum
1383 973 1452 999 or-

29 1042 316 1078 23naverant.
378 1034 564 1078 Sacrum
601 1050 790 1091 quoque,
829 1033 950 1090 quod
981 1031 1218 1089 equidem³
1265 1030 1344 1072 diis
1373 1030 1453 1071 mi-

89 1107 209 1149 nime
249 1105 372 1150 cordi
411 1122 501 1148 esse
538 1105 812 1155 crediderim,
851 1104 1000 1146 multis
1029 1103 1210 1146 saeculis
1237 1102 1454 1144 intermis-

90 1193 189 1221 sum
235 1179 464 1234 repetendi
514 1186 717 1221 auctores
752 1176 934 1233 quidam
972 1182 1120 1225 erant,
1151 1183 1201 1216 ut
1241 1175 1454 1232 ingenuus

91 1265 203 1307 puer
240 1249 431 1292 Saturno
479 1249 803 1292 immolaretur:
841 1247 962 1305 quod
1001 1246 1275 1304 sacrilegium
1312 1248 1454 1290 verius

91 1337 227 1379 quam
272 1335 447 1364 sacrum
491 1319 885 1378 Carthaginienses
924 1335 948 1362 a
982 1319 1285 1362 conditoribus
1325 1320 1457 1361 tradi-

92 1401 205 1441 tum,
239 1408 378 1452 usque
419 1393 475 1435 ad
515 1393 735 1435 excidium
763 1393 882 1434 urbis
920 1406 1022 1433 suae
1056 1390 1209 1433 fecisse
1237 1391 1454 1433 dicuntur.

93 1467 159 1508 Ac
189 1466 270 1507 nisi
310 1465 502 1507 seniores
536 1465 823 1516 obstitissent,
864 1478 1053 1522 quorum
1088 1462 1267 1505 consilio
1297 1470 1457 1505 cuncta

97 1537 350 1594 agebantur,
379 1536 702 1578 humanitatem
739 1537 832 1578 dira
860 1535 1108 1592 superstitio
1139 1534 1322 1577 vicisset.

0 1599 4 1700 'U
31 1625 82 1652 24
178 1608 390 1651 Ceterum
422 1608 646 1651 efficacior
676 1608 797 1649 omni
828 1615 920 1648 arte
948 1606 1182 1649 necessitas
1202 1609 1226 1634 4
1257 1621 1349 1647 non
1377 1607 1522 1651 usi-16

0 1701 4 1743 1
95 1688 185 1723 tata
212 1681 350 1723 modo
390 1680 619 1737 praesidia,
646 1680 722 1721 sed
755 1679 971 1736 quaedam
1003 1678 1135 1720 etiam
1163 1693 1278 1720 nova
1307 1678 1460 1720 admo-

1 1746 5 1792 ἱ
94 1752 204 1795 nuit.
275 1753 480 1809 Namque
519 1751 575 1792 ad
613 1751 879 1807 implicanda
927 1750 1117 1807 navigia,
1157 1766 1270 1807 quae
1307 1766 1460 1793 muros

1 1794 6 1871 1ι
95 1824 314 1875 subibant,
353 1823 506 1866 validis
536 1823 748 1865 asseribus
777 1823 958 1879 [corvos
989 1830 1031 1864 et
1053 1821 1218 1864 ferreas
1241 1823 1421 1878 manus]
1441 1826 1456 1853 ⁵

2 1906 6 1966 i
95 1898 372 1954 illigaverant,
416 1903 477 1945 ut,
519 1911 622 1938 cum
658 1902 885 1937 tormento
930 1910 1090 1937 asseres
1126 1894 1462 1951 promovissent,

0 1973 5 2020 J
36 1990 82 2017 25
100 1969 244 2011 subito
273 1967 424 2010 laxatis
449 1966 626 2009 funibus
657 1967 899 2009 iniicerent.
962 1966 1078 2008 Unci
1112 1981 1289 2023 quoque
1321 1973 1365 2008 et
1389 1966 1463 2007 fal-

98 2056 180 2092 ces,
209 2055 261 2082 ex
287 2040 443 2082 iisdem
471 2040 683 2082 asseribus
722 2039 1031 2096 dependenteS,
1062 2044 1137 2079 aut
1164 2045 1473 2101 propugnato-⁴

97 2127 166 2154 res
204 2118 282 2153 aut
319 2111 409 2166 ipsa
446 2112 613 2169 navigia
649 2111 917 2154 lacerabant.
1016 2109 1209 2167 Clypeos
1251 2124 1355 2150 vero
1394 2125 1463 2152 ae-

5 2221 9 2261 Ι
97 2184 239 2227 reos6
275 2183 418 2225 multo
465 2182 562 2240 igne
609 2184 865 2231 torrebant,
920 2198 1030 2239 quos
1068 2181 1258 2238 repletos
1294 2181 1460 2223 fervida

0 2264 10 2357 1
99 2270 231 2299 arena
267 2270 498 2313 coenoque
537 2255 726 2299 decocto
767 2270 790 2298 e
821 2253 957 2297 muris
983 2253 1128 2296 subito
1159 2254 1460 2297 devolvebant.

0 2179 2 2198 l

0 2233 2 2250 Ι

191 2473 214 2505 4
238 2473 504 2507 imminens
530 2470 749 2505 necessitas.
949 2470 971 2498 5
997 2481 1130 2504 corvos
1157 2476 1194 2503 et
1217 2470 1359 2504 ferreas
1387 2482 1465 2504 ma-

191 2537 263 2559 nus
291 2538 394 2560 eum
421 2525 566 2559 uncis
592 2536 644 2559 ac
669 2523 894 2559 falcibus
920 2523 1176 2570 illigaverani,
1203 2532 1243 2558 ec
1269 2526 1353 2558 sine
1377 2537 1467 2557 can·-

191 2579 298 2612 cellis
329 2578 591 2614 indicantibus
628 2591 676 2612 ea
712 2578 830 2613 verba
864 2580 906 2612 in
943 2578 1134 2614 codicibus
1176 2591 1253 2612 non
1294 2591 1375 2613 esse
1410 2581 1467 2612 in-

193 2640 318 2667 venta.
518 2632 541 2659 ⁶
570 2643 723 2668 aeneoS.

0 2379 11 2487 {¹
102 2418 121 2442 1
143 2417 283 2466 iactam
315 2417 358 2452 in
382 2417 478 2453 salo.
750 2416 772 2443 2
795 2414 990 2451 retenturi.
1245 2414 1265 2445 3
1292 2415 1465 2461 quidem„

0 2475 12 2517 il

0 2523 12 2553 :i

0 2562 13 2620 j!

0 2639 3 2666 ι

0 2678 13 2785 5²
