1703 2961
396 151 477 194 DE
498 149 709 197 GESTIS
737 153 904 197 ALEX.
934 155 1047 204 vm,
1076 153 1142 198 42.
1366 160 1447 200 289

0 290 5 300 .
39 273 63 305 9
94 266 198 310 tute,
225 260 291 302 vel
319 260 427 303 illius
452 262 537 305 fide
562 266 692 308 tutus,
758 266 955 318 Coiwre,
989 268 1108 324 quod
1140 283 1190 310 ex
1221 269 1446 326 utriusque

91 332 211 372 vultu
238 341 386 387 posset
417 334 606 392 intelligi,
637 338 788 379 amicis
819 339 992 380 animis:
1035 346 1232 381 ceterum
1264 340 1354 381 sine
1384 341 1447 381 in-

89 410 278 457 terprete
310 419 401 446 non
436 413 611 461 poterat
642 411 810 451 conseri
850 426 1008 455 sermO.
1064 413 1216 469 Itaque
1246 411 1445 454 adhibito

88 488 154 522 eo,
193 475 408 518 barbarus
442 480 682 521 occurrisse
723 497 767 523 se
808 483 912 525 dixit
948 499 1050 525 cum
1087 484 1293 535 exercitu,
1330 492 1446 525 totas

86 544 259 601 imperii
289 547 399 589 vires
418 551 616 605 protinus
633 552 915 605 traditurum,
947 571 1029 598 nec
1058 564 1316 613 expectasse,
1337 556 1444 597 dum

28 629 164 671 [oper
199 619 380 661 nuntios
421 622 599 664 daretur
632 622 750 665 fides.
816 625 990 683 Corpus
1029 643 1158 669 suum
1185 635 1230 669 et
1259 642 1445 684 regnum

84 689 340 744 permittere
374 690 443 740 illi,
466 708 616 750 >quem
640 697 784 739 ‘sciret
817 698 978 755 gloriae
1017 699 1297 748 militantem,
1337 700 1443 741 nihil

87 760 224 816 magis
256 777 390 818 quam
417 761 585 807 famam
616 768 772 810 timere
800 770 1020 826 perfidiae.

143 832 300 874 Laetus
331 834 610 891 simplicitate
649 840 827 883 barbari
859 858 934 886 rex
979 851 1033 885 et'
1054 843 1277 886 dexteram
1298 848 1312 870 ¹
1341 843 1506 886 fidei&

30 917 187 945 11suae
215 905 372 961 pignus
403 907 533 958 dedit,
571 918 615 952 et
642 925 828 969 regnum
859 916 1062 959 restituit.
1123 929 1190 958 Lvr
1222 915 1442 973 elephanti

84 982 224 1023 erant,
254 992 364 1033 quos
402 980 584 1022 tradidit
619 984 878 1036 Alexandro,
918 988 1143 1046 multaque
1169 1003 1332 1045 pecora
1361 989 1444 1030 exi-

41 1071 45 1077 ·
80 1047 196 1088 miae
235 1049 564 1105 magnitudinis,
604 1061 754 1097 tauros
786 1057 841 1098 ad
875 1072 924 1099 111
949 1060 1086 1109 milia,
1125 1060 1379 1116 pretiosum'
1397 1061 1443 1101 in

85 1134 134 1160 ea
177 1121 354 1176 regione
404 1131 724 1183 acceptumque
764 1129 920 1172 animis
961 1131 1240 1188 regnantium
1275 1146 1447 1175 armen-

32 1196 194 1234 atum,
256 1192 503 1246 Quaerenti
526 1197 788 1248 Alexandro,
825 1202 970 1258 plures
1001 1204 1281 1260 agricultores
1311 1203 1445 1245 habe-

81 1269 151 1303 ret
179 1278 235 1305 an
263 1265 448 1307 milites?
483 1283 585 1309 cum
627 1270 805 1313 duobus
838 1275 1011 1331 regibus
1038 1276 1217 1317 bellanti
1246 1275 1324 1317 sibi
1355 1283 1446 1316 'ma-

82 1333 175 1375 iore
202 1336 395 1379 militum
423 1354 558 1396 quam
581 1343 822 1397 'agrestium
850 1360 987 1386 manu
1014 1361 1123 1403 opus
1153 1362 1243 1389 esse
1267 1362 1447 1405 respon-

33 1421 70 1449 :3
85 1406 158 1447 dit.
219 1408 424 1451 Abisares
459 1419 504 1452 et
545 1410 683 1455 Porus
712 1416 871 1465 erant,
895 1416 970 1458 sed
996 1417 1041 1458 in
1074 1418 1192 1459 Poro
1222 1420 1448 1460 eminebat

84 1480 334 1523 auctoritas.
409 1483 607 1541 Uterque
658 1486 768 1528 ultra
797 1489 1046 1546 Hydaspen
1084 1504 1263 1531 amnem
1297 1501 1449 1548 regna-

84 1551 174 1601 bat,
203 1560 247 1593 et
274 1553 374 1594 belli
417 1554 658 1608 fortunam,
703 1559 896 1617 quisquis
934 1575 1056 1601 arma
1095 1561 1289 1612 inferret,
1324 1579 1448 1619 expe-

50 1623 161 1666 4riri
201 1624 465 1668 decreverat.
537 1627 740 1685 Omphis,
783 1631 1069 1687 permittente
1107 1633 1368 1685 Alexandro,
1404 1643 1450 1676 et

83 1695 250 1751 regium
290 1697 454 1755 insigne
485 1702 678 1755 sumpsit,
713 1710 756 1743 et
796 1718 922 1744 more
958 1705 1097 1760 gentis
1122 1720 1225 1747 suae
1264 1721 1444 1756 nomen,

86 1769 205 1824 quod
244 1770 380 1825 patris
416 1770 578 1813 fuerat.v
604 1774 825 1816 fraxilen
874 1776 1146 1832 appellavere
1194 1778 1445 1834 populares,

85 1848 293 1896 sequente
321 1844 501 1885 nomine
530 1845 782 1902 imperium,
813 1846 858 1887 in
888 1862 1200 1905 quemcunque
1228 1850 1447 1892 transiret.

53 1912 253 1968 slgitur²
286 1929 388 1955 eum
415 1930 495 1972 per
524 1917 721 1958 triduum
752 1916 1025 1974 hospitaliter
1052 1912 1451 1965 Alexandrum⁷ac-

88 1984 281 2038 cepisset,
312 1995 470 2042 quarto
508 1988 576 2029 die
605 1996 649 2030 et
677 1996 893 2046 quantum
921 1989 1135 2033 frumenti
1160 1994 1312 2050 copiis,
1339 2009 1450 2051 quas

86 2056 390 2112 Hephaestion
431 2057 626 2112 duxerat,
667 2061 915 2117 praebitum
960 2077 985 2105 a
1013 2076 1058 2105 se
1089 2073 1210 2114 esset,
1243 2067 1449 2115 ostendit,

56 2135 132 2175 oet
168 2143 320 2171 aureas
369 2146 556 2174 coronas
605 2133 686 2190 ipsi
737 2134 975 2192 amicisque
1011 2136 1237 2188 omnibus,
1274 2130 1451 2194 praeter

87 2199 197 2243 haec
237 2202 390 2258 signati
431 2203 598 2261 argenti
635 2218 741 2246 LXXX
780 2205 946 2249 talenta
986 2208 1106 2250 dono
1144 2209 1278 2251 dedit.
1349 2208 1450 2264 Qua

88 2271 356 2328 benignitate
387 2275 477 2317 eius
508 2277 753 2328 Alexander
784 2279 896 2320 mire
924 2279 1077 2331 laetus,
1104 2289 1148 2322 et
1176 2296 1288 2338 quae
1315 2281 1350 2322 is
1380 2282 1452 2322 de-

87 2343 212 2385 derat
250 2347 429 2398 remisit,
461 2355 505 2390 et
534 2349 651 2390 mille
678 2349 843 2392 talenta
872 2367 922 2392 ex
951 2351 1130 2409 praeda,
1160 2358 1294 2409 quam
1325 2353 1453 2394 vehe·

86 2414 175 2466 hat,
205 2417 374 2470 adiecit,
412 2421 639 2479 multaque
680 2422 919 2464 convivalia
962 2440 1013 2466 ex
1052 2438 1159 2465 auro
1200 2431 1244 2466 et
1269 2432 1451 2480 argento

86 2501 200 2539 vasa,
225 2489 468 2545 plurimum
489 2494 688 2536 Persicae
716 2495 854 2548 vestis,
881 2508 964 2539 xxx
991 2511 1128 2554 equos
1158 2512 1208 2538 ex
1227 2496 1328 2544 suis,
1350 2511 1451 2540 eum

89 2653 107 2677 1
129 2654 309 2691 dextram.
513 2662 532 2687 2
560 2663 669 2708 Ergo.
