1703 2961
241 157 324 201 270
702 148 759 204 Q.
791 148 993 192 CUR'rn
1029 151 1168 194 RUFI

243 283 343 312 xere
378 274 565 322 tempus,
598 277 716 304 nunc
753 260 1046 303 laetantibus¹
1096 263 1349 312 coniuratis,
1381 265 1502 323 quod
1531 281 1596 308 so—

241 342 383 399 pitum
423 335 657 394 aggressuri
701 341 863 382 essent,
900 350 1018 377 nunc
1048 334 1266 383 sollicitis,
1294 351 1349 377 ne
1378 337 1423 379 in
1450 337 1596 380 lucem

244 411 490 456 convivium
527 407 819 451 extraheret.²
900 405 1076 464 Quippe
1126 408 1230 449 alios
1277 408 1323 449 in
1362 410 1596 451 stationem
1616 428 1661 453 15

243 485 479 542 oportebat
516 482 655 538 prima
694 480 790 520 luce
829 479 1076 530 succedere,
1110 480 1304 535 ipsorum
1335 489 1435 538 post
1466 483 1594 538 septi·

242 573 366 599 mum
403 555 551 595 diem³
595 551 788 592 reditura
823 551 935 592 vice:
967 567 1048 593 nec
1096 567 1270 607 sperare
1305 561 1522 610 poterant,
1552 555 1596 595 in

243 629 346 671 illud
394 635 567 683 tempus
615 624 819 665 omnibus
875 624 1131 665 duraturam
1170 623 1314 665 fidem.
1383 624 1595 666 Ceterum
1614 635 1660 663 16
1698 612 1700 642 1

244 717 346 743 cum
376 699 463 740 iam
491 698 562 739 lux
590 702 827 752 appeteret,
857 702 901 737 et
933 696 1181 737 convivium
1210 696 1402 747 solvitur,
1431 704 1474 738 et
1493 713 1596 738 con-

242 773 372 814 iurati
406 776 671 827 exceperunt
711 782 872 825 regem,
913 768 1011 809 laeti
1043 769 1321 810 occasionem
1354 769 1593 826 exequendi

240 845 412 888 sceleris
450 844 699 890 admotam3
741 855 842 882 cum
864 840 1021 882 mulier
1048 841 1272 891 attonitae,
1303 849 1351 883 ut
1377 841 1594 883 creditum

241 925 315 967 est,
345 915 518 962 mentis,
561 913 806 957 conversari
843 913 887 953 in
928 912 1042 970 regia
1079 912 1224 963 solita,
1257 913 1356 969 quia
1389 913 1597 954 instinctu
1695 929 1703 963 'fl

239 989 470 1031 videbatur
504 987 652 1028 futura
693 985 958 1043 praedicere,
995 1000 1087 1025 non
1124 985 1318 1027 occurrit
1359 986 1495 1026 modo
1526 985 1600 1026 ab-

241 1062 373 1111 eunti,
406 1061 481 1101 sed
511 1059 643 1100 etiam
669 1066 807 1099 semet
836 1058 1006 1106 obiecit,
1037 1058 1246 1115 vultuque
1275 1065 1318 1099 et
1346 1057 1481 1100 oculis
1506 1073 1600 1099 mo-

241 1142 338 1176 tum
368 1131 617 1190 praeferens
660 1130 815 1179 animi,
858 1137 907 1171 ut
944 1130 1107 1171 rediret
1141 1130 1184 1171 in
1219 1130 1467 1172 convivium
1505 1146 1598 1171 mo-

241 1209 356 1248 nuit:
398 1214 442 1247 et
480 1204 547 1245 ille
573 1218 652 1259 per
688 1202 854 1251 ludum,
894 1202 1006 1242 bene
1051 1203 1156 1243 deos
1197 1203 1390 1252 suadere,
1422 1217 1659 1259 respon—17
1696 1199 1703 1240 i

243 1282 316 1330 dit,
341 1276 643 1332 revocatisque
680 1274 830 1315 amicis
870 1274 914 1314 in
953 1273 1110 1314 horam
1154 1275 1235 1315 diei
1278 1275 1416 1316 ferme
1449 1291 1599 1316 sccun-

242 1353 344 1393 dam
385 1350 568 1392 convivii
604 1355 780 1402 tempus
818 1346 1007 1386 extraxit.
1075 1348 1170 1387 Iam
1212 1346 1279 1386 alii
1320 1362 1369 1387 ex
1413 1347 1595 1388 cohorte
1612 1358 1656 1384 τε
1696 1390 1699 1395 ¹

241 1426 285 1466 in
315 1423 551 1465 stationem
601 1426 910 1468 successerant,
956 1425 1056 1459 ante
1094 1418 1281 1459 cubiculi
1320 1418 1437 1460 fores
1476 1435 1601 1460 excu-

241 1497 391 1544 bituri,
437 1495 582 1536 adhuc
612 1501 763 1534 tamen
795 1490 1011 1534 coniurati
1042 1490 1217 1532 stabant
1248 1489 1341 1531 vice
1373 1490 1504 1533 officii
1535 1493 1597 1534 sui

243 1569 430 1627 expleta;
464 1567 573 1608 adeo
604 1564 803 1622 pertinax
828 1578 924 1620 spes
954 1570 1031 1610 est,
1066 1577 1200 1619 quam
1229 1562 1451 1605 humanae
1480 1580 1601 1605 men-

239 1649 304 1683 tes
336 1641 706 1682 devoraverunt.4
751 1637 843 1676 Rex
882 1634 1106 1691 benignius
1142 1649 1274 1691 quam
1307 1635 1410 1676 alias
1441 1637 1663 1684 allocu-19
1694 1655 1699 1666 ·

240 1721 322 1763 tus,
355 1711 575 1754 discedere
614 1724 687 1750 eos
717 1708 771 1749 ad
807 1707 1001 1749 curanda
1033 1721 1232 1762 corpora,
1265 1709 1475 1764 quoniam
1505 1716 1597 1750 tota

240 1794 373 1827 nocte
411 1781 718 1840 perstitissent,
760 1779 891 1820 iubet.
970 1779 1118 1820 Data⁵
1166 1779 1340 1835 singulis
1387 1780 1598 1837 quinqua-

240 1857 356 1914 ginta
395 1852 601 1902 sestertia‚
645 1851 947 1900 collaudatis‚⁶
985 1851 1104 1908 quod
1149 1851 1281 1891 etiam
1319 1851 1408 1893 aliis
1439 1852 1595 1893 tradita

240 1928 345 1977 vice,
379 1935 529 1968 tamen
557 1925 769 1967 excubare
800 1930 1158 1979 perseverassent.
1695 1967 1697 1976 ⁴

175 2008 230 2050 23
320 2000 385 2040 Illi
425 2006 547 2040 tanta
585 2013 660 2055 spe
701 1996 892 2038 destituti
931 1996 1089 2037 domos
1133 1996 1308 2036 abeunt.
1372 1996 1432 2038 Et
1463 1999 1661 2040 ceteri20

241 2073 420 2132 quidem
459 2071 748 2128 expectabant
783 2069 982 2110 stationis
1022 2083 1122 2109 suae
1169 2074 1378 2109 noctem:
1424 2069 1600 2126 Epime-
1696 2069 1697 2073 ¹

238 2163 328 2197 nes,
369 2144 454 2186 sive
495 2143 704 2186 comitate
746 2141 866 2198 regis,
907 2155 991 2198 qua
1023 2141 1165 2197 ipsum
1197 2141 1312 2181 inter
1345 2142 1597 2183 coniuratos

240 2224 483 2275 exceperat,
524 2222 704 2272 repente
750 2221 966 2260 mutatus,
1015 2213 1100 2253 sive
1145 2213 1242 2270 quia
1284 2214 1450 2270 coeptis
1493 2213 1597 2255 deos

241 2293 414 2333 obstare
450 2289 678 2338 credebat,
719 2286 840 2327 fratri
878 2300 955 2326 suo
992 2283 1261 2341 Eurylocho,
1298 2300 1429 2341 quem
1469 2292 1596 2326 antea

240 2371 464 2422 expertem
496 2376 584 2402 esse
617 2359 783 2402 consilii
812 2358 1020 2407 voluerat,
1053 2357 1157 2414 quid
1179 2364 1415 2411 pararetur,
1448 2357 1597 2413 aperit.

242 2567 260 2590 1
285 2564 407 2598 laetis.
546 2558 566 2583 2
589 2557 858 2592 extraheretur.
967 2557 985 2585 3
1015 2563 1100 2602 post
1124 2567 1174 2588 vu
1210 2554 1302 2589 dies.
1396 2561 1416 2587 4
1440 2564 1598 2593 mentes,

335 2628 450 2663 quam
474 2615 646 2659 ingentes
675 2612 1010 2657 concupiscentiae
1044 2611 1289 2643 devoverunt.
1464 2611 1483 2638 5
1509 2611 1595 2643 dam

333 2677 445 2704 sunt
473 2668 645 2714 singulis.
847 2664 866 2689 ⁶
893 2664 1208 2708 collaudatisque.
1692 2686 1703 2705 ,4
