1703 2961
165 645 218 684 28

217 169 300 215 276
681 159 738 216 Q.
768 158 974 202 CURTn
1005 155 1147 199 mm

222 282 338 339 quod
378 282 467 320 iam
504 271 778 333 circumfluit·
849 272 1154 316 Verumtamen
1190 282 1334 310 eorum
1370 278 1508 308 mores
1533 254 1667 323 ἰηῐ3ξ

225 355 492 396 Macedonas
532 345 821 406 transfundo!
857 348 910 386 In
939 346 1089 385 multis
1123 344 1235 384 enim
1263 340 1462 395 gentibus
1491 333 1601 378 esse'
1664 355 1669 390 π,

224 429 372 474 video,
411 440 520 480 qnae
561 438 646 464 non
688 420 979 461 erubescamus
1003 418 1174 458 imitari
1183 433 1196 466 ,-
1229 430 1303 456 nec
1333 415 1464 454 aliter
1493 421 1584 453 tan-

228 510 318 541 tum
350 500 576 552 imperium
615 504 720 547 apte
759 496 854 547 regi
881 503 1041 546 potest,
1072 506 1200 546 qnam
1230 499 1279 529 ut
1307 486 1519 543 quaedam
1548 493 1592 524 et

225 574 453 614 tradamus
482 570 586 615 illis,
625 577 669 608 et
699 567 752 607 ab
777 568 933 607 iisdem
962 567 1192 606 discamus.

316 645 435 684 Illud
458 657 593 694 paene
621 642 802 693 dignum
830 642 920 681 risu
936 637 1054 699 fuit,
1084 639 1198 694 quod
1227 633 1484 676 Hermolaus
1512 643 1586 683 po-
1603 625 1673 670 Μ’
1701 620 1703 643 ³

227 717 424 758 stulabat
463 731 490 755 a
527 730 613 761 me,
663 724 713 754 ut
751 715 1012 755 adversarer
1050 717 1218 757 Iovem,
1259 710 1380 749 cuius
1413 705 1588 746 oraculo

230 803 453 844 agnoscor.
523 790 591 829 An
629 788 762 827 etiam
801 789 908 843 quid
947 790 1015 828 dii
1052 786 1365 839 respondeant,
1407 783 1455 821 in
1495 794 1590 819 mea
1604 787 1649 816 1⁵
1701 765 1703 787 ³

229 872 454 918 potestate
481 863 576 902 est?
610 861 786 902 Obtulit
814 877 964 902 nomen
981 861 1080 918 filii
1111 861 1231 908 mihi,
1261 859 1449 910 recipere
1480 855 1593 908 ipsis

233 937 370 984 rebus,
400 950 506 990 quas
533 936 716 988 agimus,
751 936 868 974 haud
904 936 1089 975 alienum
1107 930 1222 991 fnit.
1283 932 1462 972 Utinam
1491 927 1596 968 Indi

234 1025 400 1066 quoque
429 1010 555 1048 deum
584 1024 674 1048 esse
705 1023 769 1047 me
798 1008 1004 1048 credant!
1053 1011 1187 1048 Fama
1229 1007 1339 1046 enim
1370 1003 1480 1043 bella
1510 1014 1604 1041 con-

233 1093 370 1127 stant,
410 1092 455 1122 et
490 1097 620 1134 saepe
661 1083 794 1128 etiam
833 1082 950 1136 quod
974 1076 1105 1138 falso
1145 1082 1357 1120 creditum
1395 1088 1463 1118 est
1498 1075 1597 1117 veri
1701 1126 1703 1136 Ι

233 1158 372 1196 vicem
404 1155 608 1196 obtinuit.
676 1157 746 1195 An
782 1170 844 1194 me
873 1155 1074 1193 luxuriae
1105 1155 1395 1206 indulgentem
1422 1152 1596 1206 putatis
1611 1159 1662 1188 16
1701 1142 1703 1148 ¹

235 1245 356 1269 arma
386 1238 536 1267 vestra
574 1242 679 1268 auro
718 1238 982 1282 argentoque
1012 1228 1279 1268 adornasse?
1306 1228 1506 1268 Assuetis
1536 1225 1598 1266 ni-

235 1303 300 1343 hil
327 1302 464 1340 vilius
492 1302 574 1339 lzac
604 1301 750 1340 videri
770 1303 783 1323 ¹
820 1303 1005 1341 materia
1033 1302 1158 1347 volui
1187 1303 1425 1346 ostendere,
1454 1302 1599 1339 Mace-

237 1376 376 1415 donas
408 1375 613 1413 ‘invictos
648 1375 804 1413 ceteris
840 1377 924 1415 ne²
958 1390 1060 1415 auro
1091 1376 1264 1429 quidem
1293 1375 1427 1414 vinci.
1491 1373 1675 1422 Ocu-17v

236 1449 304 1489 los
333 1461 434 1500 ergo
464 1447 652 1500 primum
681 1461 826 1487 eorum
855 1449 1037 1488 sordida
1067 1450 1213 1489 omnia
1238 1457 1283 1487 et
1311 1447 1495 1487 humilia
1513 1460 1603 1498 spe-

237 1521 448 1561 ctantium
479 1518 663 1572 capiam,
693 1529 739 1560 et
767 1521 940 1568 docebo,
978 1536 1055 1562 nos
1085 1538 1169 1564 non
1199 1524 1296 1563 auri
1323 1531 1402 1562 aut
1431 1517 1606 1572 argenti

238 1593 441 1646 cupidos,
501 1593 579 1630 sed
637 1592 779 1633 orbem
833 1605 1045 1635 terrarum
1096 1596 1351 1637 subacturos
1399 1595 1560 1634 venire.
1579 1590 1597 1617 ³
1637 1592 1643 1596 ”

245 1667 387 1731 Quam
416 1665 604 1718 gloriam
643 1675 704 1714 tu,
745 1670 986 1720 parricida,
1041 1670 1294 1723 intercipere
1330 1669 1528 1714 voluisti,
1560 1674 1604 1706 et

240 1739 528 1785 Macedonas,
559 1753 658 1791 rege
697 1742 923 1793 adempto,
955 1744 1146 1782 devictis
1193 1743 1392 1795 gentibus
1433 1741 1602 1779 dedere.

242 1813 305 1852 At
341 1826 449 1851 nunc
496 1825 639 1852 mones
687 1829 771 1861 me,
811 1825 859 1855 ut
903 1817 1068 1856 vestris
1109 1817 1364 1871 parentibus
1399 1829 1577 1868 parcam
1590 1815 1665 1856 ,¹18

241 1887 346 1926 IVon
375 1884 607 1937 oportebat
644 1887 817 1940 quidem
846 1903 928 1928 vos
958 1891 1080 1936 scire,
1120 1891 1226 1945 quid
1255 1892 1309 1930 de
1337 1890 1408 1929 his
1436 1888 1610 1928 statuis-

241 1972 344 2005 sem,
386 1972 469 2011 quo
513 1959 734 2000 tristiores
770 1963 989 2013 periretis,
1025 1965 1068 2003 si
1104 1980 1190 2020 qna
1225 1964 1352 2006 vobis
1380 1972 1608 2018 parentum

247 2033 455 2072 memoria
486 2040 532 2071 et
560 2047 661 2072 cura
691 2043 778 2074 est.-
808 2036 887 2074 sed
908 2037 1011 2076 olim
1042 2040 1174 2078 istum
1195 2051 1351 2078 morem
1385 2037 1611 2078 occidendi

243 2119 339 2145 cum
375 2105 572 2145 scelestis
614 2107 806 2146 insontes
842 2111 1113 2164 propinquos
1151 2121 1433 2164 parentesque
1469 2109 1607 2155 solvi,

245 2189 291 2218 et
314 2176 547 2237 profiteor,
587 2180 634 2219 in
676 2181 824 2220 eodem
866 2183 1025 2224 honore
1058 2179 1237 2239 futuros
1279 2198 1421 2224 omnes
1449 2197 1531 2228 eos,
1563 2183 1610 2220 in

246 2265 330 2306 qno
347 2248 548 2307 suerunt.
605 2253 725 2292 Nam
754 2263 874 2293 tuum
909 2255 1216 2305 Callisthenen,
1247 2258 1317 2295 cui
1335 2255 1411 2294 uni
1438 2255 1512 2294 vir
1541 2254 1603 2292 vi·
1621 2273 1668 2305 19
1694 2243 1697 2247 ’

248 2324 379 2372 deris,
409 2325 515 2377 quia
543 2325 659 2365 latro
691 2341 750 2374 es,
780 2327 884 2374 scio,
915 2343 989 2367 cur
1021 2330 1207 2382 produci
1234 2331 1365 2368 velis:
1393 2337 1443 2367 ut
1471 2340 1612 2367 coram
1695 2317 1703 2343 Ἀ

248 2397 319 2435 his
355 2397 528 2449 probra,
570 2413 677 2452 quae
714 2400 760 2438 in
791 2415 856 2439 me
890 2403 1057 2443 modo⁴
1089 2403 1241 2448 iecisti,
1272 2403 1398 2442 modo
1429 2400 1614 2446 audisti,

250 2469 370 2508 illius
399 2485 564 2525 quoque
595 2486 665 2512 ore
694 2468 952 2529 referantur.
1019 2477 1166 2541 Quem,
1197 2477 1238 2515 si
1277 2475 1465 2515 Illacedo
1503 2479 1615 2512 esset
1661 2486 1670 2491 ·

250 2659 268 2683 ¹
294 2657 435 2693 Vlderfl·
614 2663 635 2690 2
657 2675 745 2701 nec.
908 2665 928 2697 3
956 2668 1117 2703 venisse.
1281 2669 1310 2702 4
1326 2666 1443 2701 modo
1473 2665 1517 2699 in
1541 2674 1614 2698 me.
