1703 2961
402 157 484 200 DE
515 156 723 201 GESTIS
748 155 915 199 ALEX.
946 157 1001 208 V,
1041 157 1106 198 21.
1361 156 1441 200 133

85 275 146 316 vis
169 272 262 329 gelu
292 270 601 312 adstrinxerat:
640 269 929 326 locorumque
950 275 963 295 ¹
1009 269 1186 326 squalor
1215 277 1259 312 et
1286 269 1436 312 solitu-

82 346 202 387 dines
230 343 369 384 inviae
397 343 625 400 fatigatum
652 342 836 382 militem
866 342 1105 391 terrebant,
1133 341 1432 384 humanarum

81 430 227 457 rerum
265 416 476 457 terminos
513 430 556 456 se
595 414 740 455 videre
777 414 1045 456 credentem.
1109 412 1274 454 Omnia
1312 422 1431 455 vasta

18 524 20 529 Α
80 495 208 546 atque
238 487 327 528 sine
358 487 445 528 ullo
482 486 663 535 humani
704 485 844 527 cultus
882 485 1060 541 vestigio
1087 483 1260 525 attoniti
1292 483 1430 525 intue-

19 542 22 623 ἐ
78 560 250 609 bantur,
284 566 338 609 et,
371 567 606 622 antequam
633 558 702 599 lux
733 573 908 615 quoque
941 565 982 598 et
1012 556 1183 599 coelum
1210 556 1325 612 ipsos
1357 556 1431 597 de-

0 630 267 681 {214s1cerent‚
303 631 460 672 reverti
497 618 720 672 iubebant.
790 631 882 671 Rex
918 629 1126 686 castigare
1156 628 1332 670 territos
1361 643 1429 669 su-

19 691 22 711 *
73 703 281 762 persedit:
319 711 515 745 ceterum
554 702 643 758 ipse
675 717 787 758 equo
831 701 1047 752 desiluit,²
1091 702 1310 758 pedesque
1348 714 1429 756 per

20 782 22 819 ζ
71 777 187 818 nives
207 776 223 803 ³
254 782 298 816 et
329 783 585 817 concretam
614 774 797 830 glaciem
830 773 994 830 ingredi
1025 774 1182 830 coepit.
1228 771 1427 814 Erubue-

0 729 4 761 l

0 798 23 846 Ι1

0 865 24 944 {1
346 919 353 927 .
566 917 605 925 ..
791 918 799 926 .

7 946 22 963 ;‹
71 936 154 968 ces,
187 920 242 961 ad
278 919 483 960 ultimum
515 917 692 959 milites:
732 933 987 976 primusque
1023 933 1097 959 rex
1133 918 1313 959 dolabra
1342 916 1425 972 gla-

70 855 174 890 runt
200 863 292 889 non
330 846 463 904 sequi,
501 846 694 901 primum
731 846 873 896 amici,
905 847 1060 888 deinde
1091 846 1319 903 copiarum
1349 844 1426 885 du-

0 976 25 1037 ii
68 993 181 1035 ciem
211 990 494 1048 perfringens,
533 989 617 1030 iter
653 989 733 1031 sibi
770 989 897 1032 fecit:
937 991 1186 1047 exemplum
1215 989 1326 1046 regis
1357 1004 1425 1030 ce-

0 1052 48 1140 'sls
65 1063 143 1106 teri
179 1062 335 1104 imitati
373 1068 487 1102 sunt.
551 1060 752 1101 Tandem
778 1063 1107 1118 propemodum
1136 1061 1272 1103 invias
1300 1060 1424 1102 silvas

0 1127 26 1195 l}
66 1133 240 1184 emensi,
264 1131 449 1174 humani
487 1130 629 1173 cultus
666 1146 763 1172 rara
802 1133 976 1188 vestigia
1014 1141 1058 1175 et
1085 1134 1249 1192 passim
1278 1147 1423 1174 erran-

3 1197 27 1282 ἰ
64 1213 128 1249 tes
156 1220 370 1264 pecorum
406 1219 553 1260 greges
589 1218 842 1259 repperere:
874 1213 917 1246 et
946 1205 1128 1256 incolae,
1160 1206 1233 1264 qui
1264 1202 1421 1261 sparsis

0 1286 27 1360 ιιι
64 1278 245 1336 tuguriis
272 1275 545 1325 habitabant,
588 1291 690 1316 cum
722 1291 765 1317 se
797 1276 974 1319 callibus
1004 1278 1127 1320 inviis
1155 1286 1298 1333 septos
1329 1291 1420 1318 esse

0 1350 27 1434 ἕ]
65 1349 361 1395 credidissent,
393 1354 442 1388 ut
472 1362 734 1403 conspexcre
758 1347 954 1390 hostium
980 1365 1149 1407 agmen,
1176 1348 1417 1390 interfectis

21 1407 29 1499 ι
61 1422 135 1482 qui
175 1419 375 1462 comitari
413 1417 626 1474 fugientes
668 1436 759 1461 non
795 1429 1028 1477 poterant,
1067 1420 1212 1463 devios
1241 1428 1417 1462 montes

26 1501 103 1536 ‘set
138 1493 307 1534 nivibus
347 1491 544 1532 obsitos⁴
584 1491 845 1546 petiverunt.
916 1493 1024 1534 Inde
1070 1508 1150 1549 per
1197 1491 1415 1550 colloquia

18 1567 23 1574 ‘
61 1565 339 1621 captivorum
379 1562 592 1620 paulatim
640 1562 813 1604 feritate
853 1564 1074 1621 mitigata,
1112 1563 1334 1605 tradidere
1370 1578 1415 1604 se

58 1636 157 1693 regi.
215 1636 309 1677 Nec
344 1635 389 1675 in
419 1634 589 1675 deditos
615 1635 784 1689 gravius
817 1636 1078 1677 consultum.
1409 1622 1414 1629 ¹

35 1698 65 1768 γᾷ
139 1705 330 1748 Vastatis
360 1705 492 1746 inde⁵
527 1705 636 1761 agris
670 1706 866 1757 Persidis,
895 1707 1087 1765 vicisque
1115 1708 1416 1765 compluribus

57 1779 243 1821 redactis
273 1777 318 1818 in
345 1784 623 1834 potestatem,
647 1785 828 1818 ventum
859 1786 923 1820 est
951 1779 996 1821 in
1022 1779 1287 1822 Mardorum
1314 1795 1415 1837 gen-

56 1842 146 1894 tem
172 1850 462 1892 vbellicosam6
499 1857 542 1891 et
573 1849 763 1891 multum
799 1866 821 1891 a
858 1851 1012 1893 ceteris
1040 1852 1179 1894 Persis
1205 1852 1326 1895 cultu
1354 1852 1415 1893 vi-

55 1930 126 1965 tae
172 1922 498 1964 abhorrentem.
569 1921 734 1977 Specus
779 1922 825 1964 in
862 1925 1087 1967 montibus
1135 1925 1328 1973 fodiunt,
1366 1923 1412 1964 in
1470 1975 1473 1978 .

25 2015 29 2029 π
58 1994 166 2054 quos
194 2010 324 2051 seque
358 2010 408 2036 ac
439 1993 642 2049 coniuges
672 2001 716 2034 et
745 1995 904 2038 liberos
940 1996 1157 2039 condunt:
1195 2010 1413 2053 pecorum

2 2078 4 2099 z
63 2074 136 2109 aut
175 2066 370 2108 ferarum
416 2081 547 2108 carne
592 2074 838 2108 vescuntur.
911 2068 979 2110 Ne
1023 2067 1196 2110 feminis
1229 2067 1410 2125 quidem

57 2154 137 2198 pro
177 2145 358 2180 naturae
404 2136 560 2179 habitu
609 2138 809 2181 molliora
859 2139 1029 2195 ingenia
1081 2148 1203 2182 sunt:
1253 2154 1409 2181 comae

57 2211 310 2269 prominent
347 2208 501 2259 hirtae,
536 2209 662 2249 vestis
699 2225 828 2266 super
867 2227 1006 2268 genua
1039 2220 1120 2261 est;
1150 2211 1286 2253 funda
1317 2211 1410 2252 vin-

58 2282 180 2324 ciunt
215 2281 428 2328 frontem,
461 2280 548 2321 hoc
592 2289 634 2322 et
672 2290 983 2324 ornamentum
1015 2283 1167 2339 capitis
1196 2289 1242 2324 et
1269 2282 1408 2324 telum

57 2361 130 2395 est.
187 2353 275 2394 Sed
311 2352 427 2395 hanc
469 2367 645 2410 quoque
681 2361 856 2410 gentem
891 2354 1011 2396 idem
1035 2354 1240 2396 fortunae
1271 2354 1409 2410 impe-

38 2431 125 2491 ¹tus
152 2424 335 2468 domuit.
399 2426 552 2482 Itaque
589 2426 812 2482 trigesimo
842 2426 924 2478 die,
949 2430 1218 2485 postquam⁷
1255 2442 1278 2468 a
1307 2427 1408 2468 Per-

38 2534 41 2574 Ι

36 2583 76 2668 ll
99 2611 286 2646 locorum.
465 2612 487 2637 2
511 2613 666 2648 desiliit.
848 2614 868 2644 3
894 2616 1033 2650 nivem.
1217 2615 1239 2647 4
1265 2613 1407 2648 obsitos

143 2665 310 2700 nivibus.
381 2664 400 2692 ⁵
428 2663 580 2716 deinde.
650 2665 671 2692 ⁶
698 2667 1042 2706 bellicosissimam.
1099 2671 1118 2699 7
1142 2678 1406 2718 posteaquam.
