1703 2961
150 143 234 187 364
305 128 307 130 ’
604 145 660 201 Q.
693 144 899 188 cumn
924 145 1063 187 mm

150 257 434 299 iustissimum
471 271 618 314 regem
659 271 763 298 vero
800 257 1014 299 desiderio
1056 257 1275 314 lugebant.
1340 259 1512 302 Assueti

150 330 230 370 sub
263 345 363 386 rege
404 330 561 377 vivere,
598 345 689 370 non
732 329 880 378 alium,
921 330 994 386 qui
1035 330 1273 386 imperaret
1303 330 1412 386 ipsis,
1447 332 1508 374 di-

149 401 350 458 gniorem
379 402 509 444 fuisse
537 401 875 444 confitebantur.

86 472 138 518 17
233 475 327 517 Nec
368 474 506 515 muris
546 474 665 515 urbis
704 472 848 515 luctus
887 474 1211 526 continebatur,
1253 474 1328 516 sed
1365 475 1569 532 proxi-18

146 561 268 586 mam
306 545 529 603 regionem
570 546 624 586 ab
665 560 727 595 ea,
763 545 920 587 deinde
948 561 1154 602 magnam
1184 554 1355 603 partem
1383 547 1509 589 Asiae

149 616 208 659 cis
233 617 494 674 Euphraten
532 617 641 658 tanti
675 617 780 658 mali
810 617 927 658 fama
958 627 1217 674 pervaserat.
1274 619 1343 659 Ad
1373 619 1568 665 Darei19

147 703 325 745 quoque
367 697 557 729 matrem
603 688 803 730 celeriter
831 689 995 746 perlata
1028 697 1103 731 est.
1155 690 1365 732 Abscisa¹
1404 705 1506 748 ergo

146 767 276 810 veste,
307 775 390 817 qua
423 761 574 802 induta
604 769 709 811 erat,
740 761 972 817 lugubrem
996 762 1192 817 sumpsit,
1222 762 1508 819 laceratisque

147 832 338 874 crinibus
376 832 500 873 humi
542 847 702 889 corpus
741 832 915 874 abiecit.
972 833 1204 875 Assidebat
1233 833 1270 874 ei
1300 833 1431 875 altera
1457 849 1568 876 exzo

143 905 362 961 neptibus,
396 919 538 960 nuper
576 904 781 946 amissum
821 899 1211 961 Hephaestionem,
1256 905 1325 947 cui
1352 921 1506 962 nupse-

144 985 222 1027 rat,
262 977 422 1033 lugens,
464 977 753 1033 propriasque
793 992 944 1019 causas
983 976 1145 1019 doloris
1183 977 1229 1018 in
1277 977 1505 1019 communi

142 1049 358 1089 maestitia
399 1049 713 1090 retractabat.²
779 1048 867 1090 Sed
912 1049 1112 1090 omnium
1161 1064 1342 1090 suorum
1390 1050 1566 1090 malam

144 1120 408 1176 Sisygambis
449 1136 534 1161 una
575 1120 790 1176 capiebat.
856 1120 932 1160 Illa
959 1136 1094 1170 suam,
1123 1120 1188 1160 illa
1222 1121 1420 1176 neptium
1452 1122 1509 1163 vi·

144 1207 241 1233 cem
271 1192 418 1234 flebat.
516 1195 667 1233 'necens
714 1191 843 1232 dolor
883 1192 1015 1232 etiam
1057 1192 1291 1247 praeterita
1331 1207 1506 1234 revoca—

141 1271 277 1305 verat.
347 1264 563 1306 Crederes
596 1263 733 1304 modo
772 1263 981 1304 amissum
1017 1263 1228 1310 Dareum,
1272 1271 1314 1303 ct
1340 1264 1520 1319 pariter‘

140 1336 325 1377 miserae
384 1337 575 1377 duorum
625 1333 820 1375 filiorum
872 1333 1072 1390 exequias
1124 1348 1212 1374 esse
1268 1333 1502 1375 ducendas.

137 1407 293 1449 Flebat
332 1407 457 1448 simul
501 1407 735 1448 mortuos³
777 1406 999 1462 vivosque.
1061 1404 1208 1460 Quem
1236 1404 1354 1445 enim
1383 1407 1500 1460 puel-
1520 1425 1568 1448 22

137 1481 279 1522 larum
327 1488 532 1522 acturum
581 1494 671 1520 esse
717 1479 896 1520 curam?
950 1493 1083 1534 quem
1134 1477 1268 1518 alium
1301 1478 1503 1521 futurum

139 1552 461 1594 Alexandrum?
492 1554 653 1593 iterum
686 1553 812 1592 esse4
842 1565 886 1592 se
919 1558 1078 1606 captas,
1109 1550 1269 1590 iterum
1295 1552 1501 1593 excidisse

138 1640 291 1681 regno,
354 1624 443 1679 Qui
474 1632 654 1665 mortuo
685 1623 834 1664 Dareo
864 1623 976 1677 ipsas
1007 1629 1216 1674 tueretur,
1247 1624 1500 1680 repperisse,

137 1698 210 1754 qui
242 1705 343 1754 post
377 1697 674 1739 Alexandrum
712 1694 961 1752 respiceret,
1005 1695 1153 1751 utique
1184 1710 1275 1736 non
1306 1704 1501 1750 repertu-

136 1784 216 1810 ras.
275 1769 464 1810 Subibat
499 1770 613 1810 inter
658 1767 767 1809 haec
806 1767 1024 1815 animum,
1078 1768 1301 1822 octoginta
1340 1768 1497 1810 fratres
1518 1786 1565 1814 23

134 1857 235 1883 suos
273 1842 433 1883 eodem
473 1842 542 1882 die
581 1841 635 1882 ab
678 1839 810 1882 Ocho
851 1840 1098 1881 saevissimo
1131 1853 1283 1895 regum
1309 1841 1498 1882 trucida-

133 1922 214 1964 tos,
245 1914 555 1970 adiectumque
586 1913 714 1969 stragi
737 1919 805 1954 tot
825 1911 1016 1953 filiorum
1047 1919 1243 1968 patrem3
1275 1928 1296 1953 e
1326 1919 1495 1968 septem

131 1986 288 2037 liberis,
322 1998 451 2043 ssquos
493 1987 710 2042 genuisset
746 1985 851 2041 ipsa,
893 2000 1032 2026 unum
1064 1999 1310 2041 superesse3
1348 1984 1492 2041 ipsum

130 2060 329 2100 Dareum
364 2058 562 2100 floruisse
591 2058 823 2114 paulisper,
858 2064 908 2098 ut
938 2057 1154 2100 crudelius
1185 2063 1332 2112 posset
1362 2056 1496 2097 extin-

128 2132 210 2188 gui.
266 2131 337 2172 Ad
366 2131 572 2172 ultimum
607 2130 748 2171 dolori
777 2129 1056 2178 succubuit,⁵
1091 2129 1392 2186 obvolutoque
1420 2144 1550 2174 εει-24

127 2205 219 2261 pite
245 2203 495 2245 accidentes
524 2203 705 2259 genibus
730 2202 815 2243 suis
845 2209 1023 2256 neptem
1046 2211 1345 2259 nepotemque
1376 2216 1493 2243 aver-

129 2284 233 2327 sata,
266 2276 364 2318 cibo
393 2276 557 2333 pariter
582 2274 792 2316 abstinuit
821 2282 865 2315 et
889 2274 999 2316 luce.
1053 2273 1236 2329 Quinto,
1257 2282 1491 2330 postquam

129 2349 243 2390 mori
283 2355 506 2398 statuerat,
552 2347 621 2388 die
653 2347 844 2388 extincta
873 2347 988 2388 cst.⁶
1048 2347 1259 2402 Magnum
1288 2345 1490 2402 profecto
1507 2367 1553 2394 25

128 2421 378 2464 Alexandro
408 2419 702 2477 indulgentiae
732 2419 776 2459 in
820 2433 920 2460 eam
955 2418 1231 2476 iustitiaeque
1261 2419 1306 2460 in
1335 2434 1490 2460 omnes

130 2601 146 2624 1
179 2599 356 2633 abscissa.
517 2595 537 2621 2
562 2594 684 2629 Libri
718 2605 802 2628 mss.
832 2593 1100 2630 retractabant.
1275 2594 1293 2623 3
1322 2599 1492 2627 mortuos

221 2652 346 2686 simul.
537 2650 558 2679 4
585 2647 705 2682 abest.
885 2648 904 2676 ⁵
932 2647 1160 2681 succumbit.
1325 2647 1344 2672 ⁶
1374 2647 1492 2685 abest.
