1703 2961
420 169 501 210 DE
538 163 752 208 GESTIS
793 162 956 204 ALEX.
997 161 1048 208 X,
1095 161 1164 204 21.
1389 156 1471 197 369

105 291 227 334 nobis
269 299 410 340 regem
460 295 541 336 pro
587 293 632 318 se
678 277 939 332 reliquisset,
983 275 1033 313 id
1071 273 1207 313 solum
1251 287 1307 312 ex
1346 272 1463 318 Ῐιιῖν,ι

41 380 88 408 23
108 379 215 420 quae
246 362 516 414 imperasset,
557 366 639 393 non
655 346 916 408 faciendum
945 363 1036 387 esse
1066 361 1286 386 censerem.
1352 345 1471 407 Quin

104 439 244 490 igitur·
282 434 344 472 ad
392 425 667 480 diripiendos
714 424 940 461 thesauros
991 419 1272 459 discurritis?
1317 418 1470 456 harum

44 512 215 550 24enl'1n
248 520 374 560 opum
418 502 632 553 regiarum
663 496 811 549 utique
840 493 1027 546 populus
1058 501 1124 531 est
1152 493 1285 530 heres.
1347 488 1469 529 Haec

106 581 302 621 elocutus
346 587 427 630 per
476 568 644 612 medios
676 571 869 607 armatos
901 563 1057 619 erupit,
1098 568 1142 603 et
1178 562 1249 618 qui
1294 557 1474 601 abeunti

105 652 222 692 viam
261 647 486 694 dederant,
526 643 671 700 ipsum
705 639 760 680 ad
801 636 1137 694 pronuntiatam
1166 632 1378 690 praedam
1411 646 1476 672 se-

107 722 370 780 quebantur.

23 807 95 835 vn.
194 794 374 846 Iamque
405 792 681 828 armatorum
712 782 827 824 circa
857 779 1129 836 Meleagrum
1159 777 1365 836 frequens
1386 775 1533 832 glo-22

108 867 190 908 bus
220 869 325 911 erat,
354 861 400 901 in
431 857 691 900 seditionem
723 870 773 896 ac
804 852 1072 895 discordiam
1097 866 1216 892 versa
1248 851 1476 895 contione;

111 953 214 981 cum
245 934 424 993 quidam
456 930 673 987 plerisque
704 926 1007 968 Macedonum
1044 924 1215 981 ignotus
1244 937 1294 962 ex
1324 919 1476 962 infima

58 1028 79 1051 2
111 1010 250 1067 plebe,
297 1007 418 1069 Quid
463 1019 571 1058 opus
610 1011 689 1050 esc,
741 998 894 1055 inquit,
935 999 1068 1038 armis
1104 997 1313 1051 civilique
1353 995 1477 1042 bello,

111 1082 366 1125 habentibus
395 1094 549 1132 regem,
581 1091 701 1131 quem
734 1073 975 1129 quaeritis?
1016 1068 1336 1117 Arrhidaene,²
1370 1068 1476 1107 Phi-

112 1159 236 1210 lippo
268 1156 455 1207 genitus,
492 1149 734 1192 Alexandri
768 1146 898 1199 paulo
938 1153 1038 1183 ante
1078 1143 1195 1194 regis
1211 1137 1381 1198 frater,
1411 1155 1480 1179 sa-

112 1243 277 1270 crorum
295 1225 732 1273 caerimoniarumque
750 1231 926 1258 consors
954 1217 1097 1261 modo,
1126 1230 1234 1255 nunc
1264 1215 1382 1255 solus
1409 1214 1480 1252 he-

112 1319 191 1352 res,
234 1300 500 1355 praeteritur
546 1310 573 1334 a
609 1291 750 1332 vobis.
837 1289 935 1353 9110
975 1289 1130 1327 merito
1167 1288 1280 1327 suo?
1319 1287 1482 1341 quidve

100 1373 231 1433 fecit,
264 1388 338 1413 cur
375 1371 506 1410 eciam
536 1367 728 1421 gentium
766 1363 979 1403 communi
1008 1363 1099 1400 iure
1115 1356 1389 1417 fraudetur?
1435 1360 1486 1399 Si

114 1446 366 1490 Alexandro
405 1442 590 1482 similem
633 1438 860 1495 quaeritis,
906 1449 1120 1489 nunquam
1159 1433 1389 1487 reperietis
1399 1447 1413 1480 ;
1445 1432 1487 1471 si

63 1535 81 1563 3
114 1520 377 1575 proximum,
413 1516 482 1556 hic
525 1514 641 1554 solus
679 1523 758 1551 esc.
826 1506 904 1547 His
949 1506 1104 1547 auditis
1147 1504 1296 1547 contio
1336 1503 1483 1559 primo

117 1590 340 1633 silentium
371 1586 490 1627 velut
518 1585 630 1626 iussa
661 1581 837 1623 habuit:
870 1578 1153 1621 conclamant
1184 1576 1342 1618 deinde
1373 1574 1487 1631 pari-

119 1672 199 1712 ter,
228 1659 525 1703 Arrhidaeum
554 1655 808 1698 vocandum
846 1667 951 1698 esse,
980 1657 1261 1706 mortemque
1292 1646 1487 1697 meritos,

63 1753 89 1778 4
120 1735 193 1794 qui
225 1733 482 1775 contionem
516 1729 608 1771 sine
645 1743 697 1769 eo
732 1724 1002 1778 habuissent.
1062 1723 1181 1763 Tum
1210 1720 1372 1761 Pithon
1399 1719 1489 1775 ple-

119 1822 201 1849 nus
227 1805 507 1847 lacrimarum
552 1800 720 1842 orditur
760 1797 921 1844 dicere,
947 1811 1065 1837 nunc
1094 1793 1161 1834 vel
1189 1793 1379 1834 maxime
1409 1791 1490 1832 mi-

120 1878 354 1922 serabilem
379 1890 468 1916 esse
494 1871 804 1919 Alexandrum,
837 1867 910 1925 qui
943 1874 1037 1908 tam
1067 1866 1292 1907 bonorum
1325 1865 1489 1907 civium

120 1951 396 2006 militumque
426 1946 576 1988 fructu
608 1950 650 1985 et
675 1940 919 1999 praesentia
950 1938 1177 1980 fraudatus
1215 1945 1339 1979 esset.
1399 1938 1492 1979 No-

121 2038 227 2064 men
258 2020 377 2063 enim
415 2017 771 2073 memoriamque
810 2013 923 2070 regis
952 2011 1016 2054 sui
1047 2018 1220 2052 tantum
1253 2010 1490 2057 intuentes,

71 2113 89 2140 s
123 2095 179 2136 ad
210 2100 355 2135 cetera
395 2091 580 2148 caligare
620 2104 708 2130 eos.
777 2085 907 2127 Haud
950 2083 1154 2140 ambigue
1194 2082 1240 2123 in
1272 2082 1491 2130 iuvenem,

124 2165 193 2209 cui
239 2179 424 2221 regnum
464 2162 789 2210 destinabatur,
835 2159 1035 2215 impensa
1090 2155 1254 2211 probra
1315 2154 1487 2210 magis³

123 2237 203 2295 ipsi
232 2237 398 2286 odium,
441 2251 574 2293 quam
608 2232 854 2275 Arrhidaeo
890 2235 1201 2284 contemptum
1233 2226 1494 2267 attulerunt:

74 2323 98 2352 6
127 2309 289 2366 quippe
318 2309 424 2350 dum
455 2307 729 2353 miserentur,
771 2304 904 2346 etiam
931 2302 1078 2343 favere
1112 2306 1368 2355 coeperunt.
1414 2298 1496 2354 lgi-

123 2388 198 2422 tur
236 2395 327 2421 non
363 2379 495 2421 alium
538 2379 722 2435 regem4
760 2392 819 2427 se,
849 2390 984 2433 quam
1023 2388 1136 2421 eum,
1175 2370 1248 2428 qui
1291 2370 1347 2411 ad
1377 2369 1495 2411 hanc

125 2466 249 2509 spem
268 2452 434 2507 genitus
444 2458 792 2507 esset‚passur08,
810 2449 826 2476 ⁵
850 2445 1064 2504 pertinaci
1086 2442 1405 2486 acclamatione
1425 2442 1498 2483 de-

130 2584 148 2609 1
171 2584 234 2618 iis.
373 2583 395 2608 2
421 2581 617 2615 Aridaeus.
737 2580 758 2610 3
791 2579 916 2625 Vulgo
949 2588 1074 2624 quae
1105 2575 1246 2621 magi53
1274 2572 1396 2610 Codd.
1423 2573 1477 2606 im

216 2647 337 2683 pense
356 2636 500 2682 probra
533 2645 658 2680 quae
694 2634 964 2668 obiecerat
987 2631 1117 2678 magis.
1319 2629 1342 2660 4
1370 2626 1491 2660 abest.

217 2692 236 2719 5
260 2700 469 2737 regnate
499 2699 690 2735 passuros.
1151 2729 1190 2770 A

1207 2741 1230 2769 ἃ
