1703 2961
209 108 291 151 268
668 106 725 162 Q.
757 93 959 150 CURTu
988 107 1127 150 Rom

209 219 449 276 ignorabat,
482 232 581 260 cum
611 225 726 275 post'
746 219 905 269 aulaea,
927 226 940 246 ¹
977 235 1088 278 quae
1116 219 1269 262 lectis²
1301 221 1553 271 obduxerat,

211 298 355 333 staret.
417 290 550 343 Igitur
577 292 631 333 ad
658 291 772 347 Agin
803 299 847 333 et
877 290 1090 334 Cleonem
1118 292 1246 341 misit,
1279 300 1328 334 ut
1351 308 1553 335 sermone

211 363 335 405 finito
378 363 588 404 barbaros
622 371 817 414 tantum,
865 380 968 406 cum
1010 365 1227 414 intrasset,
1265 365 1556 420 procumbere

212 452 290 478 suo
343 449 468 476 more
511 442 785 491 paterentur:
819 443 862 477 et
909 437 1040 493 paulo
1079 444 1190 492 post,
1224 437 1343 492 quasi
1386 437 1556 492 potiora

212 508 427 567 quaedam
465 507 630 563 egisset,
671 508 917 550 convivium
955 509 1128 565 repetit.
1184 507 1328 563 Quem
1357 523 1623 550 veneran-22

211 582 327 623 tibus
365 579 512 628 Persis,
551 579 837 637 Polypercon,
875 581 949 637 qui
991 581 1184 622 cubabat
1229 596 1359 636 super
1398 595 1560 636 regem,

213 667 353 694 unum
384 666 434 692 ex
464 651 563 692 his³
608 659 760 693 mento
806 653 1134 708 contingentem
1168 651 1355 692 humum
1395 667 1474 707 per
1502 652 1562 692 lu-

215 724 409 766 dibrium
450 722 595 778 coepit
634 722 816 773 hortari,
855 732 905 766 ut
939 724 1239 765 vehementius
1281 723 1324 765 id
1364 731 1564 779 quateret

215 797 271 838 ad
302 803 476 844 terram,
509 794 739 852 elicuitque
766 796 877 837 iram
901 796 1146 843 Alexandri,
1176 811 1308 852 quam
1337 795 1442 836 olim
1475 795 1563 836 ani-

215 883 291 911 mo
337 881 490 922 capere
531 881 621 907 non
657 875 846 923 poterat.
914 871 1067 925 Itaque
1097 883 1182 919 reX,
1229 871 1287 909 Τιι
1319 881 1475 917 autem,
1504 867 1624 909 in-23

216 941 323 999 quit,
363 956 448 982 non
484 941 756 982 veneraberis
787 944 880 982 me?
915 945 983 983 An
1009 943 1094 983 cibi
1114 944 1187 982 uni
1217 943 1344 995 digni
1369 943 1566 981 videmur

218 1033 308 1058 esse
331 1015 549 1056 ludibrio?
603 1012 692 1062 Ille,
723 1028 805 1056 nec
834 1028 983 1070 regem
1015 1013 1217 1062 ludibrio,
1254 1029 1336 1055 nec
1379 1028 1423 1054 se
1465 1028 1567 1055 con-

217 1094 391 1144 temptu
422 1086 602 1142 dignum
631 1100 733 1134 esse,
760 1087 998 1140 respondit.
1045 1086 1162 1127 Tum
1191 1085 1436 1128 detractum
1465 1100 1564 1127 eum
1579 1098 1627 1123 24

217 1160 332 1202 lecto
375 1173 449 1199 rex
488 1156 747 1213 praecipitat
783 1157 828 1198 in
865 1165 1041 1198 terram.
1109 1157 1168 1198 Et
1216 1158 1377 1198 cumis
1404 1171 1568 1214 pronus

221 1231 462 1279 corruisset,
505 1231 706 1278 Videsne,
747 1228 902 1285 inquit,
938 1233 1050 1270 idem
1089 1241 1132 1271 ce
1153 1227 1333 1289 secisse,
1369 1232 1484 1285 quod
1524 1233 1569 1270 ἱιι

221 1307 310 1347 alio
347 1305 476 1359 paulo
514 1314 614 1344 ante
643 1304 849 1343 ridebas?
908 1302 967 1343 Et
996 1302 1107 1342 tradi
1150 1317 1200 1342 eo
1240 1303 1282 1342 in
1325 1302 1570 1343 custodiam

222 1379 351 1425 iusso,
380 1375 629 1417 conviv1um
659 1375 796 1416 solvit.
856 1373 1165 1430 Polyperconti
1204 1374 1379 1430 quidem
1406 1380 1570 1430 postea,

225 1449 432 1504 castigato
465 1447 550 1497 diu,
595 1446 776 1504 ignovit:
806 1446 850 1487 in
881 1445 1177 1487 Callisthenen
1208 1445 1311 1486 olim
1345 1452 1634 1491 conturna-w,

226 1522 317 1564 ciae
346 1526 596 1575 suspectum
633 1518 938 1575 pervicacioris
968 1517 1055 1558 irae
1082 1516 1176 1559 fuit.
1236 1518 1372 1560 Cuius
1405 1517 1572 1574 explen-

225 1594 306 1636 dae
335 1599 509 1636 matura
541 1590 717 1632 obvenit
742 1590 928 1632 occasio.

161 1667 213 1708 21
312 1666 413 1707 Mos
446 1670 550 1713 erat,
592 1671 638 1704 ut
667 1677 796 1719 supra
828 1662 995 1705 dietum
1024 1669 1098 1710 est,
1130 1661 1400 1718 principibus
1428 1661 1572 1703 Mace·
1604 1682 1624 1705 2

225 1739 414 1786 donum,
457 1736 628 1777 adultos
666 1735 824 1776 liberos
863 1735 1034 1790 regibus
1080 1734 1274 1783 tradere,
1322 1734 1377 1775 ad
1425 1733 1572 1774 munia

223 1810 343 1854 haud
372 1807 562 1850 multum
591 1806 813 1848 servilibus
833 1806 1078 1847 ministeriis
1100 1805 1394 1847 abhorrentia.
1435 1806 1575 1846 Excu-
1607 1825 1626 1852 3

225 1884 391 1926 habant
419 1880 594 1923 servatis
625 1878 820 1920 noctium
852 1878 1014 1919 vicibus
1045 1878 1231 1934 proximi
1260 1877 1428 1919 [oribus
1450 1877 1576 1918 eius4

228 1956 359 2002 aedis,
396 1954 440 1994 in
475 1967 559 2010 qua
599 1967 672 1993 rex
711 1950 1025 2007 acquiescebat.
1086 1951 1169 1991 Per
1197 1950 1278 1990 hos
1306 1950 1478 2006 pellices
1517 1949 1579 1990 in-

228 2026 575 2070 troducebantur
603 2023 686 2064 alio
730 2023 864 2072 aditu,
905 2037 1037 2079 quam
1068 2037 1198 2078 quem
1229 2021 1382 2063 armati
1412 2021 1579 2062 obside-

229 2101 350 2142 bant.
409 2098 546 2139 Iidem
584 2102 788 2151 acceptos
827 2095 879 2135 ab
913 2093 1166 2151 agasonibus
1197 2110 1341 2150 equos,
1374 2109 1475 2135 cum
1504 2107 1578 2133 rex
1607 2115 1630 2139 4

230 2185 483 2214 ascensurus
516 2175 636 2217 esset,
669 2167 975 2214 admovebant,
1007 2166 1415 2222 comitabanturque
1443 2173 1483 2206 et
1511 2181 1579 2206 ve-

229 2252 423 2291 nantem,
464 2248 506 2282 et
538 2241 581 2281 in
610 2239 796 2296 proeliis,
837 2239 1042 2280 omnibus
1072 2238 1234 2280 artibus
1259 2237 1503 2279 studiorum
1536 2237 1581 2278 li-

231 2315 443 2358 beralium
473 2311 641 2354 exculti.
703 2311 966 2367 Praecipuus
1001 2309 1147 2353 honor
1173 2309 1428 2358 habebatur,
1463 2309 1580 2365 quod
1615 2329 1630 2355 ς

233 2388 393 2430 licebat
439 2384 688 2426 sedentibus
735 2383 847 2425 vesei
895 2398 997 2424 eum
1025 2370 1149 2438 rege.
1219 2380 1467 2437 Castigandi
1509 2395 1582 2421 eos

234 2458 483 2502 verberibus
502 2457 516 2483 ³
553 2456 707 2497 nullius
735 2462 925 2512 potestas
953 2461 1130 2511 praeter
1147 2453 1418 2510 ipsuntcrat.
1462 2455 1579 2494 Haec
1613 2462 1635 2492 6

238 2596 256 2619 1
284 2595 468 2629 aulaeum.
544 2591 563 2617 2
588 2592 719 2626 lectos.
803 2589 822 2620 3
848 2591 908 2623 iis.
980 2590 1002 2621 4
1026 2587 1145 2622 abest.
1221 2591 1238 2617 ⁵
1264 2589 1481 2624 verberibus
1509 2600 1584 2623 eos.
1680 2599 1686 2640 ᾗ

1680 2648 1685 2668 κ
