1703 2961
229 134 311 176 336
677 133 974 190 Q.CURT11
1003 136 1144 178 RUFI

230 262 332 289 nior
359 247 463 288 hinc
494 255 734 302 expectare,
773 247 876 290 hinc
918 248 980 290 ire
1010 248 1271 300 iubentium,
1302 250 1593 308 dissonaeque

233 335 361 360 voces
391 335 618 376 nunquam
638 325 650 344 ¹
688 319 805 360 idem
833 324 997 376 atque²
1026 336 1165 361 unum
1196 322 1472 363 tendentium
1498 316 1591 363 non

235 391 466 432 oculorum
498 392 635 432 modo
663 407 803 441 usum,
842 393 916 433 sed
948 393 1077 433 etiam
1104 394 1278 434 aurium
1307 393 1588 436 abstulerant.

233 465 301 504 Be
340 464 383 504 in
422 463 790 520 gubernatoribus
832 464 1012 520 quidem
1053 457 1289 521 quicquam
1343 466 1436 520 opis
1483 473 1650 514 erat,15

234 549 426 591 quorum
465 550 546 575 nee
588 535 779 576 exaudiri
817 551 899 576 vox
939 551 962 576 a
1004 536 1371 578 tumultuantibus
1401 544 1591 592 poterat,

232 622 314 649 nec
352 606 585 660 imperium
623 621 647 647 a
676 606 836 647 territis
867 607 1254 665 incompositisque
1283 609 1456 649 servari.
1513 608 1653 651 Er-16

232 695 287 736 go
320 679 465 720 collidi
502 678 615 719 inter
645 694 689 720 se
725 693 867 730 naves,
900 679 1222 737 abstergerique
1253 679 1440 721 invicem
1467 678 1591 729 remi,
1639 731 1641 734 ι

234 760 277 793 et
317 749 386 792 alii
426 750 612 792 aliorum
660 750 826 806 navigia
865 766 1017 801 urgere
1059 758 1312 806 coeperunt.
1377 749 1592 791 Crederes

232 839 324 865 non
353 822 481 863 unius
510 821 722 862 exercitus
754 809 938 863 classem
968 822 1081 870 vehi,
1111 822 1186 863 sed
1217 823 1408 864 duorum
1438 821 1590 862 navale

232 895 358 937 inisse
389 901 627 936 certamen.
691 894 1027 935 Incutiebantur
1062 894 1277 949 puppibus
1312 909 1468 949 porae3
1496 908 1649 947 pre-17

233 967 470 1010 mebantur
508 980 531 1006 a
571 966 872 1021 sequentibus,
914 967 987 1024 qui
1038 967 1346 1008 antecedentes
1391 965 1593 1008 turbave-

232 1047 353 1086 rant;
384 1037 649 1095 iurgantium
679 1037 741 1078 ira
778 1039 1061 1093 perveniebat
1087 1039 1219 1081 etiam
1251 1040 1307 1081 ad
1337 1053 1506 1081 manus.

169 1113 223 1156 36
318 1115 500 1168 Iamque
527 1116 668 1150 aestus
708 1116 826 1151 totos
866 1110 981 1152 circa
1009 1110 1176 1152 flumen
1208 1126 1386 1166 campos
1411 1110 1654 1157 inunda-xs

231 1192 378 1231 verat,
416 1181 594 1223 tumulis
643 1183 870 1222 dumtaxat
920 1182 1234 1233 eminentibus,
1280 1184 1398 1224 velut
1445 1182 1592 1224 insulis

231 1256 394 1313 parvis;
424 1256 468 1295 in
491 1269 600 1310 quos
628 1253 822 1309 plerique
850 1254 1017 1307 trepidi,
1043 1255 1208 1296 omissis
1238 1255 1426 1310 navigiis,
1461 1270 1591 1296 enare

230 1328 516 1386 properantss
579 1325 782 1378 Dispersa
819 1324 959 1366 classis
992 1326 1153 1380 partim
1184 1327 1228 1367 in
1254 1327 1448 1380 praealta
1478 1342 1588 1383 aqua
1606 1349 1651 1376 19

231 1402 386 1446 stabat,
422 1414 506 1456 qua
548 1398 832 1439 subsederant
866 1397 1014 1445 valles3
1040 1399 1199 1452 partim
1230 1399 1274 1440 in
1300 1399 1412 1440 vado
1442 1397 1595 1439 haere-

231 1476 320 1524 bat,
361 1480 586 1528 utcunque
629 1470 854 1526 inaequale
891 1477 1034 1511 terrae
1084 1470 1306 1528 fastigium
1354 1486 1595 1525 occupave-

231 1555 334 1590 rant
363 1545 529 1587 undae:
561 1559 664 1586 cum
699 1543 844 1584 subito
888 1558 1026 1584 novus
1059 1551 1103 1585 et
1129 1543 1311 1598 pristino
1343 1543 1486 1584 maior
1510 1550 1595 1584 ter-

231 1635 308 1663 ror
340 1618 561 1661 incutitur.
616 1615 935 1670 Reciprocari4
967 1615 1112 1670 coepit
1141 1631 1276 1667 mare,
1317 1631 1479 1674 magno
1506 1623 1655 1671 tra-20

232 1702 307 1736 ctu
326 1691 448 1749 aquis
479 1691 525 1731 in
554 1704 682 1731 suum
712 1688 876 1729 fretum
914 1689 1253 1739 recurrentibus,
1292 1689 1593 1746 reddebatque

228 1773 367 1808 terras
394 1762 526 1818 paulo
558 1769 658 1803 ante
689 1761 911 1816 profundo
943 1760 1031 1802 salo
1068 1776 1245 1803 mersas.
1304 1763 1440 1818 Igitur
1468 1763 1594 1804 desti-

227 1846 324 1880 tuta
351 1835 518 1892 navigia
557 1834 635 1875 alia
675 1833 1022 1890 praecipitantur
1058 1833 1102 1874 in
1141 1848 1305 1888 proras,
1340 1835 1421 1876 alia
1459 1835 1504 1876 in
1535 1835 1594 1876 la-

226 1920 319 1954 tera
355 1907 670 1964 procumbunt.
734 1905 868 1948 Strati
899 1911 1024 1946 erant
1054 1906 1196 1960 campi
1225 1906 1417 1958 sarcinis,
1448 1908 1592 1958 armis,

228 1982 475 2025 avulsarum
507 1979 757 2021 tabularum
787 1993 1102 2034 remorumque
1135 1978 1404 2035 Fragmentis.
1465 1979 1649 2021 Milesm

228 2072 310 2097 nec
343 2054 487 2111 egredi
519 2053 562 2094 in
594 2060 770 2100 terram,
801 2066 882 2092 nec
913 2051 958 2092 in
988 2066 1097 2092 nave
1126 2051 1358 2093 subsistere
1388 2051 1591 2102 audebat,

228 2127 474 2170 identidem
510 2124 811 2180 praesentibus
856 2123 1084 2180 graviora,
1137 2140 1248 2181 quae
1291 2114 1590 2182 sequerentur,

229 2207 473 2255 expectans.
533 2197 616 2238 Vix
651 2212 762 2253 quae
800 2197 1157 2251 perpetiebantur
1181 2196 1326 2238 videre
1356 2196 1473 2251 ipsos
1504 2210 1594 2237 cre-

230 2273 406 2320 debant,
452 2271 497 2310 in
537 2270 653 2312 sicco
684 2267 921 2323 naufragia,
954 2269 999 2309 in
1031 2270 1149 2310 amni
1179 2284 1314 2310 mare.
1376 2269 1469 2310 Nec
1497 2267 1593 2309 finis
1611 2287 1659 2312 22

228 2344 464 2387 malorum.
520 2342 693 2397 Quippe
722 2349 891 2382 aestum
920 2341 1050 2396 paulo
1075 2348 1175 2396 post
1193 2355 1314 2381 mare
1342 2339 1596 2390 relaturum,

230 2431 319 2475 quo
348 2413 514 2470 navigia
547 2415 847 2464 allevarentur,
881 2414 1031 2471 ignari,
1060 2414 1226 2455 famem
1245 2419 1288 2452 et
1315 2411 1466 2452 ultima
1499 2412 1599 2454 sibi-

231 2496 327 2531 met
357 2486 685 2529 ominabantur.
739 2486 902 2528 Beluae
935 2502 1111 2545 quoque
1135 2485 1339 2527 fiuctibus
1364 2484 1597 2527 destitutae

232 2560 448 2604 terribiles
479 2559 764 2615 vagabantur.
1485 2613 1504 2654 I

1508 2627 1598 2654 am-

236 2717 254 2740 1
280 2724 486 2761 nusquam.
644 2711 664 2736 2
689 2723 746 2745 ac.
892 2711 911 2742 3
939 2719 1162 2759 coeperunt.
1298 2709 1319 2742 4
1344 2709 1596 2756 reciprocare.
