<?xml version="1.0" encoding="UTF-8"?>
<!DOCTYPE html PUBLIC "-//W3C//DTD XHTML 1.0 Transitional//EN"
    "http://www.w3.org/TR/xhtml1/DTD/xhtml1-transitional.dtd">
<html xmlns="http://www.w3.org/1999/xhtml" xml:lang="en" lang="en">
 <head>
  <title>
</title>
<meta http-equiv="Content-Type" content="text/html;charset=utf-8" />
  <meta name='ocr-system' content='tesseract 3.04.00' />
  <meta name='ocr-capabilities' content='ocr_page ocr_carea ocr_par ocr_line ocrx_word'/>
</head>
<body>
  <div class='ocr_page' id='page_1' title='image "./degestisalexandr00curtuoft_0281.png"; bbox 0 0 1703 2961; ppageno 0'>
   <div class='ocr_carea' id='block_1_1' title="bbox 386 89 1425 141">
    <p class='ocr_par' dir='ltr' id='par_1_1' title="bbox 386 89 1425 141">
     <span class='ocr_line' id='line_1_1' title="bbox 386 89 1425 141; baseline 0.002 -8"><span class='ocrx_word' id='word_1_1' title='bbox 386 92 469 135; x_wconf 87' lang='lat' dir='ltr'>DE</span> <span class='ocrx_word' id='word_1_2' title='bbox 498 89 707 133; x_wconf 86' lang='lat' dir='ltr'>GESTIS</span> <span class='ocrx_word' id='word_1_3' title='bbox 732 90 902 133; x_wconf 86' lang='lat' dir='ltr'><strong>ALEX.</strong></span> <span class='ocrx_word' id='word_1_4' title='bbox 925 91 1028 140; x_wconf 33' lang='lat' dir='ltr'>(VH,</span> <span class='ocrx_word' id='word_1_5' title='bbox 1053 91 1114 133; x_wconf 82' lang='lat'>18.</span> <span class='ocrx_word' id='word_1_6' title='bbox 1344 94 1425 141; x_wconf 90' lang='lat'>217</span> 
     </span>
    </p>
   </div>
   <div class='ocr_carea' id='block_1_2' title="bbox 0 202 1496 2486">
    <p class='ocr_par' dir='ltr' id='par_1_2' title="bbox 23 202 1431 406">
     <span class='ocr_line' id='line_1_2' title="bbox 76 202 1427 261; baseline 0.001 -15"><span class='ocrx_word' id='word_1_7' title='bbox 76 204 260 261; x_wconf 63' lang='lat' dir='ltr'>sugium,</span> <span class='ocrx_word' id='word_1_8' title='bbox 290 203 411 259; x_wconf 89' lang='lat' dir='ltr'>quod</span> <span class='ocrx_word' id='word_1_9' title='bbox 440 209 692 261; x_wconf 84' lang='lat' dir='ltr'>sequantur,</span> <span class='ocrx_word' id='word_1_10' title='bbox 731 202 968 252; x_wconf 85' lang='lat' dir='ltr'>inveniunt,</span> <span class='ocrx_word' id='word_1_11' title='bbox 1009 210 1052 244; x_wconf 89' lang='lat' dir='ltr'>ct</span> <span class='ocrx_word' id='word_1_12' title='bbox 1082 204 1200 246; x_wconf 72' lang='lat' dir='ltr'>nitor</span> <span class='ocrx_word' id='word_1_13' title='bbox 1236 206 1427 248; x_wconf 84' lang='lat' dir='ltr'>siderum</span> 
     </span>
     <span class='ocr_line' id='line_1_3' title="bbox 79 273 1429 337; baseline 0.002 -20"><span class='ocrx_word' id='word_1_14' title='bbox 79 276 254 332; x_wconf 74' lang='lat' dir='ltr'>caligine</span> <span class='ocrx_word' id='word_1_15' title='bbox 282 275 578 316; x_wconf 80' lang='lat' dir='ltr'><strong>absconditur.</strong></span> <span class='ocrx_word' id='word_1_16' title='bbox 631 273 842 316; x_wconf 72' lang='lat' dir='ltr'>Ceterum</span> <span class='ocrx_word' id='word_1_17' title='bbox 868 273 901 315; x_wconf 90' lang='lat' dir='ltr'>si</span> <span class='ocrx_word' id='word_1_18' title='bbox 930 288 1038 329; x_wconf 87' lang='lat' dir='ltr'>quos</span> <span class='ocrx_word' id='word_1_19' title='bbox 1069 275 1135 316; x_wconf 80' lang='lat' dir='ltr'>ine</span> <span class='ocrx_word' id='word_1_20' title='bbox 1157 273 1324 326; x_wconf 79' lang='lat' dir='ltr'>ventus,</span> <span class='ocrx_word' id='word_1_21' title='bbox 1355 280 1429 337; x_wconf 87' lang='lat' dir='ltr'>qui</span> 
     </span>
     <span class='ocr_line' id='line_1_4' title="bbox 23 345 1431 406; baseline 0.004 -21"><span class='ocrx_word' id='word_1_22' title='bbox 23 358 100 388; x_wconf 63' lang='lat' dir='ltr'>soa</span> <span class='ocrx_word' id='word_1_23' title='bbox 129 347 240 388; x_wconf 79' lang='lat' dir='ltr'>mari</span> <span class='ocrx_word' id='word_1_24' title='bbox 284 347 487 394; x_wconf 86' lang='lat' dir='ltr'>exoritur,</span> <span class='ocrx_word' id='word_1_25' title='bbox 519 345 822 402; x_wconf 83' lang='lat' dir='ltr'>deprehendit,</span> <span class='ocrx_word' id='word_1_26' title='bbox 856 359 984 385; x_wconf 90' lang='lat' dir='ltr'>arena</span> <span class='ocrx_word' id='word_1_27' title='bbox 1019 346 1179 387; x_wconf 88' lang='lat' dir='ltr'>obruit.</span> <span class='ocrx_word' id='word_1_28' title='bbox 1226 349 1311 389; x_wconf 82' lang='lat' dir='ltr'>Sed</span> <span class='ocrx_word' id='word_1_29' title='bbox 1346 365 1431 406; x_wconf 86' lang='lat' dir='ltr'>qua</span> 
     </span>
    </p>

    <p class='ocr_par' dir='ltr' id='par_1_3' title="bbox 21 415 1436 546">
     <span class='ocr_line' id='line_1_5' title="bbox 21 415 1434 475; baseline 0.003 -17"><span class='ocrx_word' id='word_1_30' title='bbox 21 434 28 440; x_wconf 89' lang='lat'><strong>·</strong></span> <span class='ocrx_word' id='word_1_31' title='bbox 78 418 228 458; x_wconf 88' lang='lat' dir='ltr'>mitior</span> <span class='ocrx_word' id='word_1_32' title='bbox 257 425 372 459; x_wconf 88' lang='lat' dir='ltr'>terra</span> <span class='ocrx_word' id='word_1_33' title='bbox 412 426 487 467; x_wconf 85' lang='lat' dir='ltr'>ost,</span> <span class='ocrx_word' id='word_1_34' title='bbox 519 418 667 474; x_wconf 76' lang='lat' dir='ltr'>ingens</span> <span class='ocrx_word' id='word_1_35' title='bbox 692 415 927 457; x_wconf 87' lang='lat' dir='ltr'>hominum</span> <span class='ocrx_word' id='word_1_36' title='bbox 958 432 1261 475; x_wconf 78' lang='lat' dir='ltr'>equorumque</span> <span class='ocrx_word' id='word_1_37' title='bbox 1291 422 1434 462; x_wconf 81' lang='lat' dir='ltr'>multi-</span> 
     </span>
     <span class='ocr_line' id='line_1_6' title="bbox 75 488 1436 546; baseline 0.003 -16"><span class='ocrx_word' id='word_1_38' title='bbox 75 490 184 530; x_wconf 86' lang='lat' dir='ltr'>tudo</span> <span class='ocrx_word' id='word_1_39' title='bbox 221 488 418 546; x_wconf 74' lang='lat' dir='ltr'>gignitur.</span> <span class='ocrx_word' id='word_1_40' title='bbox 469 490 620 545; x_wconf 89' lang='lat' dir='ltr'>Itaque</span> <span class='ocrx_word' id='word_1_41' title='bbox 656 488 879 529; x_wconf 78' lang='lat' dir='ltr'>Bactriani</span> <span class='ocrx_word' id='word_1_42' title='bbox 910 488 1076 544; x_wconf 76' lang='lat' dir='ltr'><strong>equites</strong></span> <span class='ocrx_word' id='word_1_43' title='bbox 1105 502 1190 529; x_wconf 81' lang='lat' dir='ltr'>xxx</span> <span class='ocrx_word' id='word_1_44' title='bbox 1219 490 1336 532; x_wconf 85' lang='lat' dir='ltr'>milia</span> <span class='ocrx_word' id='word_1_45' title='bbox 1368 507 1436 534; x_wconf 87' lang='lat' dir='ltr'>ex-</span> 
     </span>
    </p>

    <p class='ocr_par' dir='ltr' id='par_1_4' title="bbox 16 559 1435 689">
     <span class='ocr_line' id='line_1_7' title="bbox 16 559 1435 621; baseline 0.004 -23"><span class='ocrx_word' id='word_1_46' title='bbox 16 560 307 616; x_wconf 84' lang='lat' dir='ltr'>31pleverant.</span> <span class='ocrx_word' id='word_1_47' title='bbox 358 562 454 617; x_wconf 89' lang='lat' dir='ltr'>Ipsa</span> <span class='ocrx_word' id='word_1_48' title='bbox 492 561 668 607; x_wconf 89' lang='lat' dir='ltr'>Bactra,</span> <span class='ocrx_word' id='word_1_49' title='bbox 706 559 894 616; x_wconf 77' lang='lat' dir='ltr'>regionis</span> <span class='ocrx_word' id='word_1_50' title='bbox 926 559 1014 600; x_wconf 87' lang='lat' dir='ltr'>eius</span> <span class='ocrx_word' id='word_1_51' title='bbox 1047 568 1193 621; x_wconf 79' lang='lat' dir='ltr'>caput,¹</span> <span class='ocrx_word' id='word_1_52' title='bbox 1228 562 1305 603; x_wconf 89' lang='lat' dir='ltr'>sita</span> <span class='ocrx_word' id='word_1_53' title='bbox 1334 570 1435 604; x_wconf 87' lang='lat' dir='ltr'>sunt</span> 
     </span>
     <span class='ocr_line' id='line_1_8' title="bbox 78 631 1435 689; baseline 0.002 -16"><span class='ocrx_word' id='word_1_54' title='bbox 78 633 157 673; x_wconf 89' lang='lat' dir='ltr'>sub</span> <span class='ocrx_word' id='word_1_55' title='bbox 189 639 344 673; x_wconf 87' lang='lat' dir='ltr'>monte</span> <span class='ocrx_word' id='word_1_56' title='bbox 366 632 662 688; x_wconf 82' lang='lat' dir='ltr'>Parapamiso.</span> <span class='ocrx_word' id='word_1_57' title='bbox 708 633 892 673; x_wconf 77' lang='lat' dir='ltr'>Bactrus</span> <span class='ocrx_word' id='word_1_58' title='bbox 921 631 1061 674; x_wconf 90' lang='lat' dir='ltr'>amnis</span> <span class='ocrx_word' id='word_1_59' title='bbox 1079 633 1291 689; x_wconf 82' lang='lat' dir='ltr'>praeterit</span> <span class='ocrx_word' id='word_1_60' title='bbox 1315 649 1435 676; x_wconf 90' lang='lat' dir='ltr'>moe-</span> 
     </span>
    </p>

    <p class='ocr_par' dir='ltr' id='par_1_5' title="bbox 27 702 993 760">
     <span class='ocr_line' id='line_1_9' title="bbox 27 702 993 760; baseline 0.003 -19"><span class='ocrx_word' id='word_1_61' title='bbox 27 721 32 741; x_wconf 80' lang='grc'>;</span> <span class='ocrx_word' id='word_1_62' title='bbox 78 703 163 744; x_wconf 88' lang='lat' dir='ltr'>nia.</span> <span class='ocrx_word' id='word_1_63' title='bbox 201 704 241 744; x_wconf 90' lang='lat' dir='ltr'>Is</span> <span class='ocrx_word' id='word_1_64' title='bbox 271 703 370 744; x_wconf 91' lang='lat' dir='ltr'>urbi</span> <span class='ocrx_word' id='word_1_65' title='bbox 401 711 444 744; x_wconf 87' lang='lat' dir='ltr'>et</span> <span class='ocrx_word' id='word_1_66' title='bbox 472 702 637 760; x_wconf 76' lang='lat' dir='ltr'>regioni</span> <span class='ocrx_word' id='word_1_67' title='bbox 668 703 788 744; x_wconf 85' lang='lat' dir='ltr'>dedit</span> <span class='ocrx_word' id='word_1_68' title='bbox 815 718 993 744; x_wconf 87' lang='lat' dir='ltr'>nomen.</span> 
     </span>
    </p>

    <p class='ocr_par' dir='ltr' id='par_1_6' title="bbox 19 774 1496 1117">
     <span class='ocr_line' id='line_1_10' title="bbox 19 774 1496 830; baseline 0.007 -19"><span class='ocrx_word' id='word_1_69' title='bbox 19 782 66 811; x_wconf 79' lang='lat'>32</span> <span class='ocrx_word' id='word_1_70' title='bbox 107 810 109 812; x_wconf 81' lang='grc'>.</span> <span class='ocrx_word' id='word_1_71' title='bbox 157 774 239 816; x_wconf 89' lang='lat' dir='ltr'>Hic</span> <span class='ocrx_word' id='word_1_72' title='bbox 277 774 365 830; x_wconf 78' lang='lat' dir='ltr'>regi</span> <span class='ocrx_word' id='word_1_73' title='bbox 400 775 553 816; x_wconf 84' lang='lat' dir='ltr'>stativa</span> <span class='ocrx_word' id='word_1_74' title='bbox 594 774 773 816; x_wconf 78' lang='lat' dir='ltr'>habenti</span> <span class='ocrx_word' id='word_1_75' title='bbox 804 775 1031 816; x_wconf 84' lang='lat' dir='ltr'>nuntiatur</span> <span class='ocrx_word' id='word_1_76' title='bbox 1061 791 1111 816; x_wconf 83' lang='lat' dir='ltr'>ex</span> <span class='ocrx_word' id='word_1_77' title='bbox 1140 776 1325 819; x_wconf 71' lang='lat' dir='ltr'>Graecia</span> <span class='ocrx_word' id='word_1_78' title='bbox 1357 777 1496 822; x_wconf 81' lang='lat' dir='ltr'>Pe-19</span> 
     </span>
     <span class='ocr_line' id='line_1_11' title="bbox 79 846 1438 903; baseline 0.002 -16"><span class='ocrx_word' id='word_1_79' title='bbox 79 846 472 903; x_wconf 82' lang='lat' dir='ltr'>loponnesiorum¹</span> <span class='ocrx_word' id='word_1_80' title='bbox 506 847 823 903; x_wconf 83' lang='lat' dir='ltr'>Laconumque</span> <span class='ocrx_word' id='word_1_81' title='bbox 846 847 1047 890; x_wconf 84' lang='lat' dir='ltr'>defectio.</span> <span class='ocrx_word' id='word_1_82' title='bbox 1091 848 1304 889; x_wconf 86' lang='lat' dir='ltr'>Nondum</span> <span class='ocrx_word' id='word_1_83' title='bbox 1319 849 1438 890; x_wconf 90' lang='lat' dir='ltr'>enim</span> 
     </span>
     <span class='ocr_line' id='line_1_12' title="bbox 79 916 1441 976; baseline 0.001 -16"><span class='ocrx_word' id='word_1_84' title='bbox 79 919 181 961; x_wconf 86' lang='lat' dir='ltr'>victi</span> <span class='ocrx_word' id='word_1_85' title='bbox 213 925 350 965; x_wconf 90' lang='lat' dir='ltr'>erant,</span> <span class='ocrx_word' id='word_1_86' title='bbox 387 933 489 959; x_wconf 88' lang='lat' dir='ltr'>cum</span> <span class='ocrx_word' id='word_1_87' title='bbox 525 916 912 974; x_wconf 87' lang='lat' dir='ltr'>proficiscerentur</span> <span class='ocrx_word' id='word_1_88' title='bbox 951 919 1164 960; x_wconf 86' lang='lat' dir='ltr'>tumultus</span> <span class='ocrx_word' id='word_1_89' title='bbox 1204 919 1295 960; x_wconf 88' lang='lat' dir='ltr'>eius</span> <span class='ocrx_word' id='word_1_90' title='bbox 1323 920 1441 976; x_wconf 86' lang='lat' dir='ltr'>prin-</span> 
     </span>
     <span class='ocr_line' id='line_1_13' title="bbox 81 989 1442 1047; baseline -0.001 -14"><span class='ocrx_word' id='word_1_91' title='bbox 81 991 192 1047; x_wconf 83' lang='lat' dir='ltr'>cipia</span> <span class='ocrx_word' id='word_1_92' title='bbox 242 989 495 1031; x_wconf 81' lang='lat' dir='ltr'>nuntiaturi.</span> <span class='ocrx_word' id='word_1_93' title='bbox 548 990 608 1031; x_wconf 87' lang='lat' dir='ltr'>Et</span> <span class='ocrx_word' id='word_1_94' title='bbox 654 990 760 1032; x_wconf 84' lang='lat' dir='ltr'>alius</span> <span class='ocrx_word' id='word_1_95' title='bbox 811 1005 1016 1047; x_wconf 88' lang='lat' dir='ltr'>praesens</span> <span class='ocrx_word' id='word_1_96' title='bbox 1064 998 1208 1031; x_wconf 85' lang='lat' dir='ltr'>terror</span> <span class='ocrx_word' id='word_1_97' title='bbox 1244 990 1442 1044; x_wconf 83' lang='lat' dir='ltr'>affertur,</span> 
     </span>
     <span class='ocr_line' id='line_1_14' title="bbox 85 1061 1442 1117; baseline 0.001 -13"><span class='ocrx_word' id='word_1_98' title='bbox 85 1062 285 1116; x_wconf 82' lang='lat' dir='ltr'>Scythas,</span> <span class='ocrx_word' id='word_1_99' title='bbox 317 1061 390 1117; x_wconf 90' lang='lat' dir='ltr'>qui</span> <span class='ocrx_word' id='word_1_100' title='bbox 421 1061 533 1102; x_wconf 87' lang='lat' dir='ltr'>ultra</span> <span class='ocrx_word' id='word_1_101' title='bbox 561 1061 748 1101; x_wconf 87' lang='lat' dir='ltr'>Tanaim</span> <span class='ocrx_word' id='word_1_102' title='bbox 785 1076 963 1102; x_wconf 89' lang='lat' dir='ltr'>amnem</span> <span class='ocrx_word' id='word_1_103' title='bbox 993 1061 1160 1107; x_wconf 83' lang='lat' dir='ltr'>colunt,</span> <span class='ocrx_word' id='word_1_104' title='bbox 1191 1062 1442 1116; x_wconf 86' lang='lat' dir='ltr'>adventare,</span> 
     </span>
    </p>

    <p class='ocr_par' dir='ltr' id='par_1_7' title="bbox 32 1133 1444 1262">
     <span class='ocr_line' id='line_1_15' title="bbox 32 1133 1444 1192; baseline 0.001 -16"><span class='ocrx_word' id='word_1_105' title='bbox 32 1158 35 1166; x_wconf 92' lang='lat'>·</span> <span class='ocrx_word' id='word_1_106' title='bbox 84 1135 218 1176; x_wconf 70' lang='lat' dir='ltr'>Besso</span> <span class='ocrx_word' id='word_1_107' title='bbox 250 1133 440 1174; x_wconf 82' lang='lat' dir='ltr'>ferentes</span> <span class='ocrx_word' id='word_1_108' title='bbox 466 1148 612 1188; x_wconf 88' lang='lat' dir='ltr'>opem.</span> <span class='ocrx_word' id='word_1_109' title='bbox 651 1133 825 1174; x_wconf 83' lang='lat' dir='ltr'>Eodem</span> <span class='ocrx_word' id='word_1_110' title='bbox 852 1140 1070 1188; x_wconf 84' lang='lat' dir='ltr'>tempore,</span> <span class='ocrx_word' id='word_1_111' title='bbox 1101 1149 1212 1189; x_wconf 88' lang='lat' dir='ltr'>quae</span> <span class='ocrx_word' id='word_1_112' title='bbox 1242 1134 1287 1174; x_wconf 90' lang='lat' dir='ltr'>in</span> <span class='ocrx_word' id='word_1_113' title='bbox 1315 1144 1444 1192; x_wconf 76' lang='lat' dir='ltr'>gente</span> 
     </span>
     <span class='ocr_line' id='line_1_16' title="bbox 79 1204 1442 1262; baseline 0.001 -13"><span class='ocrx_word' id='word_1_114' title='bbox 79 1207 290 1249; x_wconf 86' lang='lat' dir='ltr'>Ariorum</span> <span class='ocrx_word' id='word_1_115' title='bbox 331 1204 530 1246; x_wconf 84' lang='lat' dir='ltr'>Caranus</span> <span class='ocrx_word' id='word_1_116' title='bbox 569 1211 612 1244; x_wconf 87' lang='lat' dir='ltr'>et</span> <span class='ocrx_word' id='word_1_117' title='bbox 647 1204 848 1261; x_wconf 77' lang='lat' dir='ltr'>Erigyius</span> <span class='ocrx_word' id='word_1_118' title='bbox 886 1213 1117 1260; x_wconf 76' lang='lat' dir='ltr'>gesserant,</span> <span class='ocrx_word' id='word_1_119' title='bbox 1147 1205 1442 1262; x_wconf 85' lang='lat' dir='ltr'>perferuntur.</span> 
     </span>
    </p>

    <p class='ocr_par' dir='ltr' id='par_1_8' title="bbox 26 1275 1446 1408">
     <span class='ocr_line' id='line_1_17' title="bbox 26 1275 1445 1338; baseline 0.006 -24"><span class='ocrx_word' id='word_1_120' title='bbox 26 1285 72 1314; x_wconf 82' lang='lat'>33</span> <span class='ocrx_word' id='word_1_121' title='bbox 89 1277 388 1321; x_wconf 82' lang='lat' dir='ltr'>Commissum</span> <span class='ocrx_word' id='word_1_122' title='bbox 417 1283 511 1316; x_wconf 87' lang='lat' dir='ltr'>erat</span> <span class='ocrx_word' id='word_1_123' title='bbox 535 1275 754 1331; x_wconf 88' lang='lat' dir='ltr'>proelium</span> <span class='ocrx_word' id='word_1_124' title='bbox 785 1275 900 1317; x_wconf 85' lang='lat' dir='ltr'>inter</span> <span class='ocrx_word' id='word_1_125' title='bbox 928 1278 1194 1319; x_wconf 88' lang='lat' dir='ltr'>Macedones</span> <span class='ocrx_word' id='word_1_126' title='bbox 1215 1280 1445 1338; x_wconf 89' lang='lat' dir='ltr'>Ariosque.</span> 
     </span>
     <span class='ocr_line' id='line_1_18' title="bbox 85 1346 1446 1408; baseline 0.002 -17"><span class='ocrx_word' id='word_1_127' title='bbox 85 1350 328 1406; x_wconf 76' lang='lat' dir='ltr'>Transfuga</span> <span class='ocrx_word' id='word_1_128' title='bbox 378 1347 680 1388; x_wconf 85' lang='lat' dir='ltr'>Satibarzanes</span> <span class='ocrx_word' id='word_1_129' title='bbox 717 1346 915 1389; x_wconf 88' lang='lat' dir='ltr'>barbaris</span> <span class='ocrx_word' id='word_1_130' title='bbox 953 1357 1181 1405; x_wconf 81' lang='lat' dir='ltr'>praeerat:</span> <span class='ocrx_word' id='word_1_131' title='bbox 1228 1352 1302 1408; x_wconf 88' lang='lat' dir='ltr'>qui</span> <span class='ocrx_word' id='word_1_132' title='bbox 1342 1368 1446 1394; x_wconf 89' lang='lat' dir='ltr'>curn</span> 
     </span>
    </p>

    <p class='ocr_par' dir='ltr' id='par_1_9' title="bbox 43 1415 1448 1552">
     <span class='ocr_line' id='line_1_19' title="bbox 43 1415 1448 1481; baseline 0.002 -19"><span class='ocrx_word' id='word_1_133' title='bbox 43 1415 49 1420; x_wconf 86' lang='lat'>.</span> <span class='ocrx_word' id='word_1_134' title='bbox 87 1437 281 1481; x_wconf 73' lang='lat' dir='ltr'>pugnam</span> <span class='ocrx_word' id='word_1_135' title='bbox 327 1434 502 1475; x_wconf 76' lang='lat' dir='ltr'>segnem</span> <span class='ocrx_word' id='word_1_136' title='bbox 556 1419 776 1476; x_wconf 86' lang='lat' dir='ltr'>utrimque</span> <span class='ocrx_word' id='word_1_137' title='bbox 826 1420 974 1476; x_wconf 89' lang='lat' dir='ltr'>aequis</span> <span class='ocrx_word' id='word_1_138' title='bbox 1022 1420 1184 1461; x_wconf 82' lang='lat' dir='ltr'>viribus</span> <span class='ocrx_word' id='word_1_139' title='bbox 1230 1429 1343 1464; x_wconf 89' lang='lat' dir='ltr'>stare</span> <span class='ocrx_word' id='word_1_140' title='bbox 1389 1425 1448 1465; x_wconf 88' lang='lat' dir='ltr'>vi-</span> 
     </span>
     <span class='ocr_line' id='line_1_20' title="bbox 88 1482 1448 1552; baseline 0.003 -19"><span class='ocrx_word' id='word_1_141' title='bbox 88 1497 230 1544; x_wconf 81' lang='lat' dir='ltr'>disset,</span> <span class='ocrx_word' id='word_1_142' title='bbox 262 1494 307 1534; x_wconf 90' lang='lat' dir='ltr'>in</span> <span class='ocrx_word' id='word_1_143' title='bbox 337 1491 503 1548; x_wconf 86' lang='lat' dir='ltr'>primos</span> <span class='ocrx_word' id='word_1_144' title='bbox 524 1482 712 1532; x_wconf 76' lang='lat' dir='ltr'>&#39;ordines</span> <span class='ocrx_word' id='word_1_145' title='bbox 745 1492 1032 1549; x_wconf 87' lang='lat' dir='ltr'>adequitavit,</span> <span class='ocrx_word' id='word_1_146' title='bbox 1073 1492 1341 1551; x_wconf 87' lang='lat' dir='ltr'>demptaque</span> <span class='ocrx_word' id='word_1_147' title='bbox 1378 1511 1448 1552; x_wconf 78' lang='lat' dir='ltr'>ga-</span> 
     </span>
    </p>

    <p class='ocr_par' dir='ltr' id='par_1_10' title="bbox 51 1561 1449 1624">
     <span class='ocr_line' id='line_1_21' title="bbox 51 1561 1449 1624; baseline 0 -16"><span class='ocrx_word' id='word_1_148' title='bbox 51 1619 54 1624; x_wconf 27' lang='lat'>·</span> <span class='ocrx_word' id='word_1_149' title='bbox 87 1569 165 1617; x_wconf 89' lang='lat' dir='ltr'>lea,</span> <span class='ocrx_word' id='word_1_150' title='bbox 199 1563 392 1607; x_wconf 83' lang='lat' dir='ltr'>inhibitis</span> <span class='ocrx_word' id='word_1_151' title='bbox 431 1562 503 1619; x_wconf 87' lang='lat' dir='ltr'>qui</span> <span class='ocrx_word' id='word_1_152' title='bbox 546 1561 633 1604; x_wconf 80' lang='lat' dir='ltr'>tela</span> <span class='ocrx_word' id='word_1_153' title='bbox 675 1563 904 1615; x_wconf 88' lang='lat' dir='ltr'>iaciebant,</span> <span class='ocrx_word' id='word_1_154' title='bbox 945 1563 978 1604; x_wconf 91' lang='lat' dir='ltr'>si</span> <span class='ocrx_word' id='word_1_155' title='bbox 1011 1563 1105 1620; x_wconf 87' lang='lat' dir='ltr'>quis</span> <span class='ocrx_word' id='word_1_156' title='bbox 1133 1563 1296 1607; x_wconf 89' lang='lat' dir='ltr'>viritim</span> <span class='ocrx_word' id='word_1_157' title='bbox 1323 1567 1449 1608; x_wconf 86' lang='lat' dir='ltr'>dimi-</span> 
     </span>
    </p>

    <p class='ocr_par' dir='ltr' id='par_1_11' title="bbox 51 1633 1452 1696">
     <span class='ocr_line' id='line_1_22' title="bbox 51 1633 1452 1696; baseline 0 -15"><span class='ocrx_word' id='word_1_158' title='bbox 51 1633 59 1636; x_wconf 38' lang='lat'><em>*</em></span> <span class='ocrx_word' id='word_1_159' title='bbox 92 1654 190 1682; x_wconf 88' lang='lat' dir='ltr'>care</span> <span class='ocrx_word' id='word_1_160' title='bbox 217 1636 358 1683; x_wconf 89' lang='lat' dir='ltr'>vellet,</span> <span class='ocrx_word' id='word_1_161' title='bbox 396 1633 652 1690; x_wconf 88' lang='lat' dir='ltr'>provocavit</span> <span class='ocrx_word' id='word_1_162' title='bbox 685 1635 740 1676; x_wconf 89' lang='lat' dir='ltr'>ad</span> <span class='ocrx_word' id='word_1_163' title='bbox 772 1651 990 1693; x_wconf 74' lang='lat' dir='ltr'>pugnam,</span> <span class='ocrx_word' id='word_1_164' title='bbox 1025 1636 1196 1676; x_wconf 87' lang='lat' dir='ltr'>nudum</span> <span class='ocrx_word' id='word_1_165' title='bbox 1237 1652 1281 1678; x_wconf 89' lang='lat' dir='ltr'>se</span> <span class='ocrx_word' id='word_1_166' title='bbox 1318 1647 1452 1696; x_wconf 89' lang='lat' dir='ltr'>caput</span> 
     </span>
    </p>

    <p class='ocr_par' dir='ltr' id='par_1_12' title="bbox 30 1693 1455 1836">
     <span class='ocr_line' id='line_1_23' title="bbox 30 1693 1453 1755; baseline -0.001 -1"><span class='ocrx_word' id='word_1_167' title='bbox 30 1693 135 1755; x_wconf 80' lang='lat' dir='ltr'>34in</span> <span class='ocrx_word' id='word_1_168' title='bbox 162 1708 402 1752; x_wconf 88' lang='lat' dir='ltr'>certamine</span> <span class='ocrx_word' id='word_1_169' title='bbox 430 1705 699 1748; x_wconf 87' lang='lat' dir='ltr'>habiturum.</span> <span class='ocrx_word' id='word_1_170' title='bbox 757 1708 862 1748; x_wconf 89' lang='lat' dir='ltr'>Non</span> <span class='ocrx_word' id='word_1_171' title='bbox 899 1707 998 1748; x_wconf 79' lang='lat' dir='ltr'>tulit</span> <span class='ocrx_word' id='word_1_172' title='bbox 1029 1706 1244 1750; x_wconf 88' lang='lat' dir='ltr'>ferociam</span> <span class='ocrx_word' id='word_1_173' title='bbox 1275 1709 1453 1753; x_wconf 89' lang='lat' dir='ltr'>barbari</span> 
     </span>
     <span class='ocr_line' id='line_1_24' title="bbox 95 1777 1455 1836; baseline 0.002 -14"><span class='ocrx_word' id='word_1_174' title='bbox 95 1781 218 1824; x_wconf 90' lang='lat' dir='ltr'>ducis</span> <span class='ocrx_word' id='word_1_175' title='bbox 249 1777 495 1836; x_wconf 74' lang='lat' dir='ltr'>ErigyiuS,²</span> <span class='ocrx_word' id='word_1_176' title='bbox 539 1779 677 1834; x_wconf 72' lang='lat' dir='ltr'>gravis</span> <span class='ocrx_word' id='word_1_177' title='bbox 713 1779 893 1836; x_wconf 87' lang='lat' dir='ltr'>quidem</span> <span class='ocrx_word' id='word_1_178' title='bbox 928 1787 1090 1827; x_wconf 83' lang='lat' dir='ltr'>aetate,</span> <span class='ocrx_word' id='word_1_179' title='bbox 1131 1781 1207 1821; x_wconf 87' lang='lat' dir='ltr'>sed</span> <span class='ocrx_word' id='word_1_180' title='bbox 1246 1789 1290 1823; x_wconf 90' lang='lat' dir='ltr'>et</span> <span class='ocrx_word' id='word_1_181' title='bbox 1320 1783 1455 1825; x_wconf 89' lang='lat' dir='ltr'>animi</span> 
     </span>
    </p>

    <p class='ocr_par' dir='ltr' id='par_1_13' title="bbox 47 1841 1458 1982">
     <span class='ocr_line' id='line_1_25' title="bbox 47 1841 1458 1912; baseline 0.002 -18"><span class='ocrx_word' id='word_1_182' title='bbox 47 1841 55 1857; x_wconf 30' lang='grc' dir='ltr'>ί</span> <span class='ocrx_word' id='word_1_183' title='bbox 95 1861 140 1895; x_wconf 85' lang='lat' dir='ltr'>et</span> <span class='ocrx_word' id='word_1_184' title='bbox 170 1851 366 1908; x_wconf 89' lang='lat' dir='ltr'>corporis</span> <span class='ocrx_word' id='word_1_185' title='bbox 392 1850 554 1890; x_wconf 90' lang='lat' dir='ltr'>robore</span> <span class='ocrx_word' id='word_1_186' title='bbox 586 1850 690 1891; x_wconf 90' lang='lat' dir='ltr'>nulli</span> <span class='ocrx_word' id='word_1_187' title='bbox 721 1851 929 1892; x_wconf 89' lang='lat' dir='ltr'>iuvenum</span> <span class='ocrx_word' id='word_1_188' title='bbox 955 1850 1277 1907; x_wconf 85' lang='lat' dir='ltr'>postferendus.</span> <span class='ocrx_word' id='word_1_189' title='bbox 1328 1856 1368 1896; x_wconf 90' lang='lat' dir='ltr'>Is</span> <span class='ocrx_word' id='word_1_190' title='bbox 1388 1871 1458 1912; x_wconf 76' lang='lat' dir='ltr'>ga-</span> 
     </span>
     <span class='ocr_line' id='line_1_26' title="bbox 97 1921 1458 1982; baseline 0.002 -17"><span class='ocrx_word' id='word_1_191' title='bbox 97 1925 165 1966; x_wconf 89' lang='lat' dir='ltr'>lea</span> <span class='ocrx_word' id='word_1_192' title='bbox 221 1925 399 1980; x_wconf 83' lang='lat' dir='ltr'>dempta</span> <span class='ocrx_word' id='word_1_193' title='bbox 447 1921 654 1963; x_wconf 83' lang='lat' dir='ltr'>canitiem</span> <span class='ocrx_word' id='word_1_194' title='bbox 694 1930 938 1973; x_wconf 82' lang='lat' dir='ltr'>ostentans,</span> <span class='ocrx_word' id='word_1_195' title='bbox 982 1925 1130 1972; x_wconf 72' lang='lat' dir='ltr'>Venit,</span> <span class='ocrx_word' id='word_1_196' title='bbox 1168 1925 1320 1982; x_wconf 85' lang='lat' dir='ltr'>inquit,</span> <span class='ocrx_word' id='word_1_197' title='bbox 1351 1930 1458 1979; x_wconf 78' lang='lat' dir='ltr'>dies,</span> 
     </span>
    </p>

    <p class='ocr_par' dir='ltr' id='par_1_14' title="bbox 52 1991 1460 2055">
     <span class='ocr_line' id='line_1_27' title="bbox 52 1991 1460 2055; baseline 0.003 -16"><span class='ocrx_word' id='word_1_198' title='bbox 52 1991 54 1994; x_wconf 36' lang='grc'>’</span> <span class='ocrx_word' id='word_1_199' title='bbox 99 2014 182 2055; x_wconf 83' lang='lat' dir='ltr'>quo</span> <span class='ocrx_word' id='word_1_200' title='bbox 212 2008 289 2038; x_wconf 75' lang='lat' dir='ltr'>auc</span> <span class='ocrx_word' id='word_1_201' title='bbox 314 1997 517 2044; x_wconf 71' lang='lat' dir='ltr'>victoria,</span> <span class='ocrx_word' id='word_1_202' title='bbox 542 2006 630 2036; x_wconf 63' lang='lat' dir='ltr'>unc</span> <span class='ocrx_word' id='word_1_203' title='bbox 660 2007 795 2038; x_wconf 75' lang='lat' dir='ltr'>morte</span> <span class='ocrx_word' id='word_1_204' title='bbox 830 1999 1148 2046; x_wconf 64' lang='lat' dir='ltr'>honestissima,</span> <span class='ocrx_word' id='word_1_205' title='bbox 1181 2002 1328 2054; x_wconf 80' lang='lat' dir='ltr'>quales</span> <span class='ocrx_word' id='word_1_206' title='bbox 1357 2005 1460 2043; x_wconf 84' lang='lat' dir='ltr'>ami-</span> 
     </span>
    </p>

    <p class='ocr_par' dir='ltr' id='par_1_15' title="bbox 40 2063 1465 2203">
     <span class='ocr_line' id='line_1_28' title="bbox 40 2063 1464 2131; baseline 0.003 -20"><span class='ocrx_word' id='word_1_207' title='bbox 40 2086 82 2115; x_wconf 85' lang='lat'>35</span> <span class='ocrx_word' id='word_1_208' title='bbox 101 2063 174 2120; x_wconf 69' lang='lat' dir='ltr'>cos</span> <span class='ocrx_word' id='word_1_209' title='bbox 204 2081 249 2112; x_wconf 71' lang='lat' dir='ltr'>eb·</span> <span class='ocrx_word' id='word_1_210' title='bbox 278 2071 440 2110; x_wconf 68' lang='lat' dir='ltr'>milites</span> <span class='ocrx_word' id='word_1_211' title='bbox 469 2069 718 2110; x_wconf 77' lang='lat' dir='ltr'>Alexander</span> <span class='ocrx_word' id='word_1_212' title='bbox 746 2071 917 2118; x_wconf 73' lang='lat' dir='ltr'>habeat,</span> <span class='ocrx_word' id='word_1_213' title='bbox 949 2073 1193 2127; x_wconf 56' lang='lat' dir='ltr'>osc-endam,</span> <span class='ocrx_word' id='word_1_214' title='bbox 1248 2073 1342 2115; x_wconf 85' lang='lat' dir='ltr'>Nec</span> <span class='ocrx_word' id='word_1_215' title='bbox 1370 2074 1464 2131; x_wconf 89' lang='lat' dir='ltr'>plu-</span> 
     </span>
     <span class='ocr_line' id='line_1_29' title="bbox 74 2140 1465 2203; baseline 0.003 -19"><span class='ocrx_word' id='word_1_216' title='bbox 74 2142 149 2188; x_wconf 54' lang='lat' dir='ltr'>*ra</span> <span class='ocrx_word' id='word_1_217' title='bbox 185 2143 387 2184; x_wconf 86' lang='lat' dir='ltr'>elocutus</span> <span class='ocrx_word' id='word_1_218' title='bbox 423 2147 586 2197; x_wconf 85' lang='lat' dir='ltr'>equum</span> <span class='ocrx_word' id='word_1_219' title='bbox 625 2141 670 2181; x_wconf 88' lang='lat' dir='ltr'>in</span> <span class='ocrx_word' id='word_1_220' title='bbox 701 2140 877 2183; x_wconf 89' lang='lat' dir='ltr'>hostem</span> <span class='ocrx_word' id='word_1_221' title='bbox 920 2143 1016 2198; x_wconf 75' lang='lat' dir='ltr'>egit.</span> <span class='ocrx_word' id='word_1_222' title='bbox 1085 2142 1300 2185; x_wconf 89' lang='lat' dir='ltr'>Crederes</span> <span class='ocrx_word' id='word_1_223' title='bbox 1328 2145 1465 2203; x_wconf 86' lang='lat' dir='ltr'>impe-</span> 
     </span>
    </p>

    <p class='ocr_par' dir='ltr' id='par_1_16' title="bbox 59 2202 1467 2343">
     <span class='ocr_line' id='line_1_30' title="bbox 59 2202 1466 2269; baseline 0.004 -14"><span class='ocrx_word' id='word_1_224' title='bbox 59 2207 69 2219; x_wconf 53' lang='lat'>⁸</span> <span class='ocrx_word' id='word_1_225' title='bbox 104 2221 266 2260; x_wconf 87' lang='lat' dir='ltr'>ratum,</span> <span class='ocrx_word' id='word_1_226' title='bbox 304 2220 354 2254; x_wconf 88' lang='lat' dir='ltr'>ut</span> <span class='ocrx_word' id='word_1_227' title='bbox 382 2212 495 2254; x_wconf 90' lang='lat' dir='ltr'>acies</span> <span class='ocrx_word' id='word_1_228' title='bbox 536 2221 747 2269; x_wconf 87' lang='lat' dir='ltr'>utraeque</span> <span class='ocrx_word' id='word_1_229' title='bbox 791 2213 876 2254; x_wconf 85' lang='lat' dir='ltr'>tela</span> <span class='ocrx_word' id='word_1_230' title='bbox 925 2202 1196 2256; x_wconf 81' lang='lat' dir='ltr'>cohiberent.</span> <span class='ocrx_word' id='word_1_231' title='bbox 1258 2217 1466 2260; x_wconf 89' lang='lat' dir='ltr'>Protinus</span> 
     </span>
     <span class='ocr_line' id='line_1_31' title="bbox 109 2276 1467 2343; baseline 0.004 -17"><span class='ocrx_word' id='word_1_232' title='bbox 109 2291 225 2341; x_wconf 85' lang='lat' dir='ltr'>certe</span> <span class='ocrx_word' id='word_1_233' title='bbox 258 2292 543 2334; x_wconf 87' lang='lat' dir='ltr'>recesserunt,</span> <span class='ocrx_word' id='word_1_234' title='bbox 583 2283 687 2327; x_wconf 83' lang='lat' dir='ltr'>dat&#39;o</span> <span class='ocrx_word' id='word_1_235' title='bbox 724 2283 864 2326; x_wconf 91' lang='lat' dir='ltr'>libero</span> <span class='ocrx_word' id='word_1_236' title='bbox 896 2286 1050 2343; x_wconf 86' lang='lat' dir='ltr'>spatio,</span> <span class='ocrx_word' id='word_1_237' title='bbox 1080 2276 1237 2329; x_wconf 81' lang='lat' dir='ltr'>intenti</span> <span class='ocrx_word' id='word_1_238' title='bbox 1268 2288 1314 2329; x_wconf 88' lang='lat' dir='ltr'>in</span> <span class='ocrx_word' id='word_1_239' title='bbox 1341 2304 1467 2331; x_wconf 89' lang='lat' dir='ltr'>even-</span> 
     </span>
    </p>

    <p class='ocr_par' dir='ltr' id='par_1_17' title="bbox 0 2348 1471 2486">
     <span class='ocr_line' id='line_1_32' title="bbox 0 2348 1468 2422; baseline 0.004 -26"><span class='ocrx_word' id='word_1_240' title='bbox 0 2393 5 2422; x_wconf 68' lang='lat' dir='ltr'>t</span> <span class='ocrx_word' id='word_1_241' title='bbox 109 2348 216 2406; x_wconf 78' lang='lat' dir='ltr'>tum,</span> <span class='ocrx_word' id='word_1_242' title='bbox 246 2372 338 2398; x_wconf 90' lang='lat' dir='ltr'>non</span> <span class='ocrx_word' id='word_1_243' title='bbox 366 2356 559 2397; x_wconf 89' lang='lat' dir='ltr'>duorum</span> <span class='ocrx_word' id='word_1_244' title='bbox 583 2357 736 2408; x_wconf 88' lang='lat' dir='ltr'>modo,</span> <span class='ocrx_word' id='word_1_245' title='bbox 765 2358 841 2399; x_wconf 86' lang='lat' dir='ltr'>sed</span> <span class='ocrx_word' id='word_1_246' title='bbox 874 2359 1008 2400; x_wconf 86' lang='lat' dir='ltr'>etiam</span> <span class='ocrx_word' id='word_1_247' title='bbox 1039 2374 1140 2401; x_wconf 83' lang='lat' dir='ltr'>suae</span> <span class='ocrx_word' id='word_1_248' title='bbox 1172 2361 1312 2412; x_wconf 87' lang='lat' dir='ltr'>sortis,</span> <span class='ocrx_word' id='word_1_249' title='bbox 1345 2362 1468 2419; x_wconf 90' lang='lat' dir='ltr'>quip-</span> 
     </span>
     <span class='ocr_line' id='line_1_33' title="bbox 50 2427 1471 2486; baseline 0.003 -15"><span class='ocrx_word' id='word_1_250' title='bbox 50 2443 164 2486; x_wconf 81' lang='lat' dir='ltr'>36pe</span> <span class='ocrx_word' id='word_1_251' title='bbox 195 2427 383 2470; x_wconf 86' lang='lat' dir='ltr'>alienum</span> <span class='ocrx_word' id='word_1_252' title='bbox 413 2429 650 2472; x_wconf 86' lang='lat' dir='ltr'>discrimen</span> <span class='ocrx_word' id='word_1_253' title='bbox 678 2432 881 2473; x_wconf 86' lang='lat' dir='ltr'>secuturi.</span> <span class='ocrx_word' id='word_1_254' title='bbox 927 2430 1054 2473; x_wconf 87' lang='lat' dir='ltr'>Prior</span> <span class='ocrx_word' id='word_1_255' title='bbox 1082 2431 1295 2475; x_wconf 79' lang='lat' dir='ltr'>barbarus</span> <span class='ocrx_word' id='word_1_256' title='bbox 1327 2434 1471 2475; x_wconf 85' lang='lat' dir='ltr'>emisit</span> 
     </span>
    </p>
   </div>
   <div class='ocr_carea' id='block_1_3' title="bbox 110 2548 1467 2594">
    <p class='ocr_par' dir='ltr' id='par_1_18' title="bbox 110 2548 1467 2594">
     <span class='ocr_line' id='line_1_34' title="bbox 110 2548 1467 2594; baseline 0.004 -12"><span class='ocrx_word' id='word_1_257' title='bbox 110 2549 129 2572; x_wconf 91' lang='lat'>1</span> <span class='ocrx_word' id='word_1_258' title='bbox 155 2548 520 2593; x_wconf 81' lang='lat' dir='ltr'>Peloponnensium.</span> <span class='ocrx_word' id='word_1_259' title='bbox 543 2562 545 2566; x_wconf 63' lang='lat'><em>⁴</em></span> <span class='ocrx_word' id='word_1_260' title='bbox 581 2564 583 2568; x_wconf 94' lang='lat'>·</span> <span class='ocrx_word' id='word_1_261' title='bbox 720 2551 742 2576; x_wconf 86' lang='lat'><strong>2</strong></span> <span class='ocrx_word' id='word_1_262' title='bbox 775 2551 838 2586; x_wconf 84' lang='lat' dir='ltr'>De</span> <span class='ocrx_word' id='word_1_263' title='bbox 869 2554 1117 2594; x_wconf 48' lang='lat' dir='ltr'>coniectura}</span> <span class='ocrx_word' id='word_1_264' title='bbox 1141 2553 1300 2588; x_wconf 83' lang='lat' dir='ltr'>Codices</span> <span class='ocrx_word' id='word_1_265' title='bbox 1324 2554 1402 2588; x_wconf 84' lang='lat' dir='ltr'>dux</span> <span class='ocrx_word' id='word_1_266' title='bbox 1424 2554 1467 2588; x_wconf 84' lang='lat' dir='ltr'>il-</span> 
     </span>
    </p>
   </div>
   <div class='ocr_carea' id='block_1_4' title="bbox 196 2603 1468 2704">
    <p class='ocr_par' dir='ltr' id='par_1_19' title="bbox 196 2603 1468 2704">
     <span class='ocr_line' id='line_1_35' title="bbox 196 2603 1468 2652; baseline 0.006 -17"><span class='ocrx_word' id='word_1_267' title='bbox 196 2603 269 2636; x_wconf 84' lang='lat' dir='ltr'>lius</span> <span class='ocrx_word' id='word_1_268' title='bbox 298 2605 482 2638; x_wconf 78' lang='lat' dir='ltr'>exereitus</span> <span class='ocrx_word' id='word_1_269' title='bbox 514 2605 647 2652; x_wconf 73' lang='lat' dir='ltr'>gravis.</span> <span class='ocrx_word' id='word_1_270' title='bbox 701 2605 828 2651; x_wconf 76' lang='lat' dir='ltr'>Vulgo</span> <span class='ocrx_word' id='word_1_271' title='bbox 866 2607 956 2641; x_wconf 80' lang='lat' dir='ltr'>icem</span> <span class='ocrx_word' id='word_1_272' title='bbox 988 2606 1038 2642; x_wconf 83' lang='lat' dir='ltr'>de</span> <span class='ocrx_word' id='word_1_273' title='bbox 1071 2611 1230 2643; x_wconf 82' lang='lat' dir='ltr'>coniect.</span> <span class='ocrx_word' id='word_1_274' title='bbox 1265 2608 1342 2642; x_wconf 83' lang='lat' dir='ltr'>dux</span> <span class='ocrx_word' id='word_1_275' title='bbox 1365 2620 1468 2643; x_wconf 76' lang='lat' dir='ltr'>exer·</span> 
     </span>
     <span class='ocr_line' id='line_1_36' title="bbox 200 2657 505 2704; baseline 0.01 -15"><span class='ocrx_word' id='word_1_276' title='bbox 200 2657 295 2691; x_wconf 62' lang='lat' dir='ltr'>citus</span> <span class='ocrx_word' id='word_1_277' title='bbox 323 2659 505 2704; x_wconf 74' lang='lat' dir='ltr'>Erigyius.</span> 
     </span>
    </p>
   </div>
  </div>
 </body>
</html>
