1703 2961
216 170 299 214 324
679 165 737 221 Q.
767 165 974 208 CURTu
1005 163 1144 206 mm

223 290 354 325 trant.
409 281 482 323 Ille
512 279 734 327 sollicitus,
775 293 831 319 ne
869 276 975 334 quid
1013 275 1115 317 novi
1147 276 1373 329 afferrent,
1401 278 1502 335 quia
1533 278 1590 319 si·
1620 294 1637 321 s

227 356 318 397 mul
348 360 571 402 venerant,
596 357 900 408 percontatur,
929 363 1038 390 num
1067 347 1262 391 hostium
1293 365 1448 392 recens
1481 365 1592 391 nun-

229 428 416 468 tiaretur
445 425 669 466 adventus.

174 495 228 538 24
315 501 375 539 At
419 495 649 545 Craterus,
698 494 767 537 cui
806 492 1068 534 mandatum
1108 500 1219 542 erat,
1257 499 1307 534 ut
1349 493 1597 535 amicorum
1627 500 1649 528 6

235 584 388 627 preces
418 567 634 624 perferret
664 566 720 607 ad
756 580 873 611 eum,
914 566 1142 614 Credisne,
1191 566 1356 623 inquit,
1407 566 1601 606 adventu

241 645 381 696 magis
410 644 613 690 hostium,
644 652 693 681 ut
720 642 808 680 iam
837 641 882 680 in
907 641 1028 680 vallo
1059 642 1359 687 consisterent,
1386 640 1604 680 sollicitos

239 727 351 764 esse,
372 719 385 739 ¹
421 730 547 769 quam
577 729 681 754 cura
709 714 870 753 salutis
898 723 1015 759 tuae,
1044 722 1093 753 ut
1112 728 1220 754 nunc
1248 723 1326 761 est,
1353 713 1439 752 tibi
1466 712 1605 753 vilis?

247 788 535 851 Quantalibet
584 788 659 827 vis
708 787 896 827 omnium
943 787 1137 838 gentium
1175 787 1393 840 conspiret
1433 786 1479 825 in
1512 799 1603 832 nos,
1637 806 1654 832 7

244 863 427 916 impleat
457 863 591 900 armis
629 861 825 914 virisque
855 869 996 899 totum
1036 858 1202 906 orbem,
1231 858 1441 898 classibus
1470 860 1607 898 maria

247 944 513 981 consternat,
554 935 792 973 inusitatas
823 932 969 971 beluas
1000 933 1200 971 inducat:
1229 940 1277 970 tu
1307 946 1384 971 nos
1413 941 1609 985 praesta·
1667 971 1669 973 ,

246 1009 314 1050 bis
343 1010 547 1050 invictos.
614 1008 702 1047 Sed
741 1008 840 1060 quis
869 1008 1043 1046 deorum
1067 1006 1147 1044 hoc
1177 1003 1467 1044 Macedoniae
1496 1004 1608 1044 colu·
1644 1020 1663 1048 8

248 1098 342 1122 men
384 1097 434 1121 ac
477 1081 601 1120 sidus
637 1081 885 1119 diuturnum
903 1075 1013 1136 fore
1058 1077 1260 1130 polliceri
1296 1087 1470 1130 potest,
1519 1092 1613 1116 cum

250 1166 342 1196 tam
371 1155 505 1195 avide
535 1148 785 1209 manifestis
825 1152 1033 1204 periculis
1063 1148 1224 1207 offeras
1254 1165 1422 1203 corpus,
1453 1149 1616 1190 oblicus

252 1239 322 1270 tot
356 1229 518 1268 civium
563 1227 732 1266 animas
770 1226 938 1264 trahere
968 1233 1010 1262 te
1041 1225 1087 1262 in
1118 1224 1295 1261 casum?
1359 1224 1471 1286 Quis
1501 1224 1614 1262 enim
1647 1237 1667 1268 9

252 1301 338 1342 tibi
367 1308 586 1353 superstes
615 1309 692 1336 aut
721 1306 851 1349 optat
881 1311 984 1342 esse,
1015 1304 1095 1335 aut
1132 1296 1310 1347 potest?
1367 1297 1438 1336 Eo
1465 1311 1617 1349 perve-

253 1377 409 1418 nimus,
440 1371 682 1424 auspicium
712 1378 844 1423 atque
884 1369 1112 1420 imperium
1149 1368 1289 1406 secuti
1335 1377 1467 1415 tuum,
1507 1369 1619 1408 unde

255 1449 343 1488 nisi
373 1456 417 1486 te
447 1445 600 1484 reduce
639 1442 749 1482 nulli
787 1443 846 1481 ad
883 1454 1063 1495 penates
1092 1454 1193 1481 suos
1223 1442 1308 1479 iter
1338 1450 1416 1480 est.
1479 1440 1674 1503 Quod-1(

254 1522 328 1561 si²
378 1521 519 1559 adhuc
557 1517 612 1555 de
646 1516 851 1555 Persidis
886 1529 1016 1567 regno
1057 1528 1149 1553 cum
1187 1513 1344 1553 Dareo
1375 1513 1623 1561 dimicares,
1654 1556 1663 1564 Ι

257 1596 344 1634 etsi
373 1605 493 1632 nemo
537 1589 686 1637 vellet,
728 1597 873 1628 tamen
914 1604 965 1628 ne
1004 1587 1222 1626 admirari
1259 1586 1431 1640 quidem
1459 1595 1623 1638 posset,

258 1677 352 1707 tam
395 1672 626 1717 promptae
667 1677 759 1701 esse
799 1670 842 1700 te
878 1661 937 1699 ad
980 1675 1101 1700 omne
1132 1661 1363 1699 discrimen
1393 1660 1624 1698 andaciae:

258 1753 358 1780 nam
389 1736 464 1775 ubi
491 1737 622 1788 paria
650 1743 753 1773 sunt
782 1733 1018 1786 periculum
1051 1748 1103 1771 ac
1130 1733 1383 1785 praemium,
1411 1741 1456 1770 et
1484 1747 1625 1771 sccun-

259 1813 332 1851 dis
369 1809 492 1849 rebus
539 1808 730 1860 amplior
766 1802 941 1861 fructus
983 1815 1062 1853 est,
1100 1815 1145 1846 et
1185 1806 1385 1844 adversis
1421 1804 1626 1844 solatium

260 1885 420 1924 maius.-
453 1890 527 1921 tuo
553 1895 659 1920 vero
691 1880 837 1932 capite
868 1879 1099 1932 ignobilem
1136 1879 1281 1917 vicum
1312 1878 1411 1923 emi,
1441 1879 1539 1931 quis
1555 1873 1658 1934 [ε’-ι

259 1967 346 2005 rat,
393 1970 477 1994 non
525 1962 695 1993 tuorum
745 1954 873 1992 modo
921 1953 1122 1999 militum,
1163 1951 1241 1990 sed
1283 1950 1414 1990 ullius
1448 1949 1624 2002 gentis3

260 2029 469 2070 barbarae
501 2028 626 2074 civis,
668 2026 745 2080 qui
783 2035 904 2065 tuam
933 2025 1274 2078 magnitudinem
1304 2025 1461 2063 novit?
1518 2024 1674 2062 Hor-1:

260 2113 328 2142 ret
358 2102 528 2141 animus
566 2100 835 2152 cogitatione
865 2100 940 2146 rei,
972 2113 1100 2153 quam
1128 2097 1261 2150 paulo
1291 2105 1391 2136 ante
1419 2096 1626 2135 vidimus.

260 2176 427 2230 Eloqui
456 2175 605 2220 timeo,
636 2172 801 2211 invicti
837 2173 1035 2225 corporis
1060 2171 1203 2223 spolia
1224 2170 1512 2209 inertissimas
1542 2183 1629 2206 ma-

262 2265 340 2291 nus
355 2245 509 2305 fuisse
551 2241 843 2302 infectrzras,4
875 2246 964 2285 nisi
998 2254 1043 2284 te
1073 2244 1358 2295 interceptum
1388 2243 1633 2281 misericors

262 2325 309 2363 in
338 2336 416 2362 nos
433 2317 628 2376 fortuna
646 2327 873 2358 servasset.
921 2317 1118 2357 Totidem
1147 2316 1410 2369 proditores,
1442 2315 1629 2354 totidem

263 2397 507 2435 desertores
535 2406 692 2437 sumus,
721 2400 829 2445 quot
856 2399 900 2431 te
930 2405 1014 2431 non
1029 2389 1252 2443 potuimus
1264 2388 1478 2442 persequi.
1527 2385 1658 2426 Uni-1

266 2564 283 2588 ¹
310 2565 417 2597 Haec
458 2560 574 2594 verba
611 2569 701 2606 post
740 2559 926 2605 leguntur
961 2560 1038 2591 sic.-
1083 2556 1181 2599 vilis,
1207 2568 1294 2591 nos
1322 2566 1402 2590 esse
1427 2554 1628 2589 sollicitos.

355 2617 374 2641 2
404 2615 481 2661 Qui
508 2615 553 2648 si.
755 2613 776 2642 3
806 2613 921 2646 ullius
953 2612 1100 2645 etiam
1127 2611 1266 2655 gentis.
1452 2612 1474 2642 4
1497 2608 1631 2654 spoliis

355 2669 606 2704 inerlissimos
627 2678 761 2701 manus
790 2666 907 2700 fuisse
935 2665 1160 2700 iniecturos.
