1703 2961
371 153 453 196 DE
497 149 706 193 GESTIS
743 151 908 193 ALEX.
937 151 1010 199 IV,
1040 150 1106 191 51.
1363 147 1416 189 95

63 273 149 317 net,
179 273 228 307 ut
265 265 490 322 regionem
531 268 824 305 monstratam
877 261 1108 312 declinent,
1140 260 1419 318 equitemque

61 338 302 394 periculum
337 336 564 379 edoceant.

3 423 50 455 38
152 408 364 452 Ceterum
398 408 684 450 hortantem¹
726 406 937 447 exercitus
978 404 1179 446 exaudire
1214 421 1307 447 non
1343 402 1485 462 po-52

62 488 203 530 terat,
250 496 378 522 usum
428 481 599 522 aurium
650 478 954 534 intercipiente
1002 477 1180 518 fremitu
1231 477 1422 518 duorum

65 553 314 610 agminum,
356 552 432 594 sed
459 553 503 594 in
545 557 785 608 conspectu
814 549 1176 615 omniumfluces
1205 557 1249 590 et
1282 548 1425 606 proxi-

0 637 187 666 1v.murn
226 639 445 683 quemque
490 624 804 681 interequitans
860 622 1182 679 alloquebatur:
1223 620 1426 663 Emensis

63 705 134 739 tot
162 705 299 739 terras
339 697 383 738 in
413 712 536 754 spem
571 696 792 747 victoriae,
824 697 876 738 de
907 710 991 752 qua
1028 693 1330 736 dimicandum
1361 693 1427 734 lo-

65 777 145 821 ret,
183 769 271 811 hoc
310 785 450 810 unum
489 785 711 827 superesse
752 769 1001 810 discrimen.
1071 766 1316 809 Granicum
1352 765 1426 812 hic

68 856 263 891 amnem,
293 839 561 898 Ciliciaeque
589 849 778 891 montes,
812 849 855 883 et
890 840 1062 897 Syriam
1089 840 1428 897 Aegyptumque

67 913 374 970 praeeuntibus
420 921 586 970 raptas,
626 915 817 972 ingentia
859 913 950 971 spei
991 911 1238 968 gloriaeque
1278 910 1430 952 incita-

16 1002 36 1026 2
68 993 232 1034 menta,
261 985 491 1028 referebat.
550 987 857 1044 Reprehensos
886 1001 936 1027 ex
960 984 1060 1040 fuga
1091 985 1242 1025 Persas
1266 997 1430 1039 pugna-

67 1066 202 1108 turos,
233 1057 331 1114 quia
362 1057 512 1115 fugere
543 1075 634 1100 non
662 1066 854 1115 possent.
913 1056 1114 1098 Tertium
1144 1055 1233 1096 iam
1265 1055 1382 1097 diem
1407 1056 1429 1079 ²

67 1138 191 1172 metu
220 1142 466 1187 exsangues,
507 1132 638 1173 armis
677 1131 762 1172 suis
794 1137 1014 1177 oneratos,
1044 1129 1090 1170 in
1119 1129 1278 1170 eodem
1307 1126 1432 1168 vesti-

69 1202 138 1259 gio
170 1202 364 1244 haerere.
429 1202 613 1244 Nullum
652 1202 967 1260 desperationis
999 1201 1173 1243 illorum
1197 1200 1338 1250 maius
1369 1200 1433 1241 in-

71 1274 235 1316 dicium
265 1290 366 1323 esse,
406 1291 539 1332 quam
582 1275 702 1333 quod
733 1275 872 1324 urbes,
906 1274 1026 1331 quod
1056 1288 1181 1330 agros
1211 1288 1312 1314 suos
1337 1287 1434 1314 ure-

71 1349 184 1394 rent,
222 1346 429 1404 quicquid
469 1363 561 1389 non
601 1347 920 1404 corrupissent,
969 1345 1165 1388 hostium
1202 1361 1291 1387 esse
1329 1361 1435 1388 con-

22 1432 40 1459 3
71 1418 183 1460 fessi.
251 1419 444 1460 Nomina
472 1420 610 1461 modo
639 1435 748 1461 vana
779 1417 974 1476 gentium
1002 1418 1254 1475 ignotarum
1283 1433 1338 1459 ne
1367 1433 1436 1459 ex-

71 1491 361 1533 timescerent.
444 1492 600 1549 Neque
641 1492 759 1533 enim
798 1491 853 1532 ad
895 1490 995 1532 belli
1033 1489 1267 1533 discrimen
1304 1488 1438 1546 perti-

75 1578 191 1613 nere,
230 1562 302 1620 qui
346 1561 399 1603 ab
435 1561 502 1604 his
541 1563 741 1620 Scythae,
790 1563 915 1620 quive
951 1562 1128 1605 Cadusii
1170 1561 1436 1618 appellaren-

74 1641 159 1674 tur.
190 1633 206 1661 3
295 1632 368 1674 Ob
408 1633 452 1674 id
490 1633 645 1690 ipsum,
681 1635 802 1693 quod
839 1634 974 1691 ignoti
1013 1641 1174 1685 essent,
1223 1634 1435 1690 ignobiles

19 1722 43 1745 4
75 1721 177 1746 esse.
232 1705 474 1761 Nunquam
511 1706 700 1763 ignorari
739 1707 853 1748 viros
885 1705 1042 1748 fortes:
1073 1714 1118 1747 at
1147 1706 1353 1756 imbelles,
1385 1721 1436 1747 ex

75 1776 250 1818 latebris
280 1777 365 1818 suis
397 1784 556 1828 erutos,
587 1779 696 1820 nihil
731 1786 906 1835 praeter
933 1779 1112 1821 nomina
1134 1779 1303 1821 afferre.
1340 1778 1437 1820 Ma-

79 1849 311 1891 cedonas⁴
353 1848 510 1890 virtute
549 1858 779 1901 assecutos,
815 1866 871 1892 ne
911 1852 1006 1910 quis
1048 1859 1144 1893 toto
1176 1851 1282 1893 orbe
1314 1851 1437 1893 locus

25 1939 41 1965 s
76 1927 196 1971 esset,
233 1920 307 1977 qui
345 1919 449 1962 tales
481 1921 597 1964 viros
624 1923 857 1979 ignoraret.
917 1910 1200 1966 Intuerentur
1229 1923 1438 1965 barbaro-

80 2008 180 2032 rum
210 1992 487 2034 inconditum
523 2010 696 2051 agmen:
737 1995 870 2037 alium
911 1996 1019 2038 nihil
1044 2004 1218 2053 praeter
1245 1994 1438 2036 iaculum

81 2063 256 2114 habere,
297 2064 428 2106 alium
466 2065 602 2108 funda
641 2084 738 2110 saxa
775 2068 948 2117 librare,
983 2068 1135 2125 paucis
1172 2067 1285 2108 iusta
1316 2081 1439 2108 arma

83 2151 186 2177 esse.
252 2137 407 2193 Itaque
444 2138 559 2181 illinc
598 2139 742 2196 plures
780 2148 914 2183 stare:
941 2140 1044 2183 hinc
1078 2140 1223 2198 plures
1263 2138 1441 2180 dimica-

33 2220 56 2250 6
84 2216 218 2250 turos,
277 2209 371 2251 Nec
397 2211 618 2266 postulare
649 2228 708 2262 se,
732 2220 780 2254 ut
805 2212 978 2255 fortiter
1010 2219 1284 2270 capesserent
1313 2226 1441 2268 proe-

80 2281 201 2331 lium,
229 2281 275 2322 ni
303 2280 394 2338 ipse
421 2284 574 2324 ceteris
603 2274 872 2327 fortitudinis
899 2285 1049 2327 fuisset
1077 2285 1335 2342 exemplum.
1383 2283 1440 2325 Se

83 2360 184 2394 ante
211 2353 352 2409 prima
380 2353 497 2410 signa
526 2355 853 2400 dimicaturum.
915 2358 1142 2414 Spondere
1168 2372 1250 2414 pro
1273 2372 1317 2398 se
1337 2356 1436 2398 tot⁵

84 2424 320 2476 cicatrices,
346 2426 532 2470 totidem
566 2429 761 2484 emporis
793 2431 976 2473 decora:
1004 2431 1113 2473 scire
1144 2430 1274 2485 ipsos,
1300 2443 1440 2470 unum

84 2552 100 2575 1
126 2550 175 2585 de
204 2553 360 2585 coniecc.
383 2553 490 2600 vulgo
510 2554 586 2589 hoc
609 2563 746 2589 tantus.
777 2556 896 2592 Coclcl.
924 2558 1001 2592 hoc
1027 2558 1196 2592 tandem.
1291 2555 1311 2581 2
1338 2556 1440 2589 diem

174 2605 264 2638 iam.
325 2605 344 2634 3
369 2606 432 2640 Ex
454 2608 604 2642 emend.
631 2610 740 2642 codd.
767 2613 1022 2658 appellantur,
1050 2612 1158 2658 vulgo
1184 2611 1437 2658 appellemur·

172 2659 194 2690 4
217 2658 461 2695 Macedones.
602 2664 621 2691 5
655 2672 760 2709 quot.
832 2661 846 2667 ”
