1703 2961
502 101 969 171 P1³³³¹‘'·F'A'¹'¹O·
1211 110 1220 116 ’
1314 123 1400 153 m

41 225 420 288 litliographico
455 222 775 269 Berolinensi
813 221 1047 268 confecta
1084 233 1170 282 est,
1206 227 1405 289 quippe

42 309 171 353 quae
209 304 260 336 et
293 291 500 335 minimo
534 300 747 344 constet,
785 299 833 332 et
867 290 1108 346 omnium,
1154 306 1277 353 quas
1312 308 1404 337 no-

40 360 210 413 verim,
248 356 310 401 ad
340 355 478 400 hunc
514 369 662 398 usum
703 355 961 413 aptissima
997 355 1073 398 sit.

174 418 553 481 Orthographia
586 420 885 464 Latinorum
912 417 1181 464 verborum
1211 422 1286 465 usi
1324 437 1405 466 su-

38 504 149 533 mus
199 503 277 544 ea,
327 500 479 546 quae,
526 485 751 544 quamvis
803 483 941 529 haud
983 499 1096 529 raro
1145 501 1173 529 a
1213 486 1404 547 vulgari

43 569 236 613 usuque
288 561 495 610 recepta
547 548 790 605 dill'erret,
853 551 904 593 in
937 548 1198 595 codicibus
1235 562 1404 596 tamen

36 618 390 677 manuscriptis
461 615 672 676 aliisque
739 616 997 660 vetustatis
1059 619 1402 661 monumentis

37 683 266 727 obtinere
297 678 571 726 videbatur.
640 681 721 725 De
754 696 853 740 qua
898 685 950 725 re
996 678 1205 726 difficile
1243 693 1318 726 est
1354 694 1404 727 et

33 747 225 803 dicere,
279 758 328 791 et
370 761 478 790 non
522 745 704 791 dicere.
776 747 987 791 Constat
1031 748 1166 790 enim
1206 759 1401 793 veteres

31 814 292 858 Romanos
342 812 481 871 ipsos
529 813 582 856 in
621 810 761 855 nulla
803 826 855 855 re
907 813 1059 873 magis
1110 812 1402 857 inconstan-

33 890 105 922 tes
135 876 304 932 fuisse,
339 891 491 936 quam
524 878 575 920 in
609 875 707 920 hac
734 874 987 920 scribendi
1011 878 1222 933 ratione,
1252 892 1400 938 prae-

33 945 204 987 sertim
234 942 374 1002 quod
416 940 478 985 ad
516 941 810 996 litterarum,
849 956 1002 1000 quam
1043 953 1242 998 vocant,
1280 944 1399 988 assi-

27 1008 346 1053 milationem
381 1007 620 1066 pertinet.
721 1005 972 1065 Equidem
1020 1008 1216 1051 aurium
1273 1007 1398 1052 iudi-

20 1075 178 1128 sium,
216 1070 355 1132 quod
392 1072 543 1115 etiam
581 1070 843 1131 plerisque
884 1083 1111 1116 veterum
1154 1087 1397 1134 gramma-

25 1139 242 1182 ticorum
277 1138 493 1182 maxime
524 1134 849 1197 probabatur,
881 1147 930 1181 et
958 1136 1098 1196 quod
1137 1150 1396 1198 perpetuo

22 1202 129 1247 fere
165 1218 258 1247 usu
292 1204 345 1246 in
381 1203 438 1246 iis
486 1202 857 1261 nianuscripti3‚
902 1217 1030 1261 quos
1071 1203 1183 1262 ipse
1222 1203 1396 1264 perlu-

19 1270 190 1324 stravi,
242 1265 584 1322 confirmatur,
641 1279 844 1311 secutus
893 1282 1028 1311 sum:
1083 1283 1182 1313 nec
1226 1280 1396 1314 tamen

23 1348 131 1378 non
165 1335 313 1393 potui
348 1344 566 1393 propter
598 1331 817 1376 eundem
844 1331 989 1376 illum
1014 1347 1163 1378 usum
1198 1334 1251 1378 in
1287 1333 1396 1394 qui-

24 1396 238 1444 busdam
259 1397 518 1443 vocabulis
542 1399 837 1442 inconstans
862 1412 985 1442 esse.
1017 1398 1192 1458 Itaque
1213 1400 1396 1459 scripsi

24 1460 301 1517 adscribere,
343 1463 660 1525 adstringere,
705 1462 967 1515 adstruere,
1014 1475 1064 1507 et
1108 1465 1393 1527 exsanguis:

27 1540 76 1572 et
107 1529 549 1588 grammaticorum
584 1527 787 1586 placitis
833 1525 1106 1572 obsecutus
1148 1528 1394 1575 circumire

25 1607 140 1636 cum
170 1594 474 1652 scripserim,
520 1592 632 1634 usui
667 1603 836 1634 tamen
882 1589 1128 1637 obediens
1172 1593 1394 1639 circuitus

21 1657 255 1717 praetuli.
325 1650 566 1717 Beneficus
603 1666 652 1698 et
693 1650 937 1717 maleficus
969 1656 1144 1702 Velius
1181 1659 1390 1720 Longus

23 1738 137 1783 pag.
170 1723 296 1768 2235
330 1720 534 1765 Putsch.
571 1731 708 1764 recte
742 1720 940 1764 videtur
962 1719 1266 1780 defendisse,
1304 1723 1394 1769 sed

21 1799 305 1847 perpetuus
351 1801 472 1830 usus
516 1786 1006 1845 manuscriptorum,
1074 1790 1197 1848 quin
1241 1791 1393 1835 etiam

21 1853 463 1914 grammaticorum
501 1866 668 1910 paene
708 1866 988 1897 consensus
1026 1850 1392 1899 benivolenciam

21 1918 264 1978 postulat.
332 1917 548 1962 Facilius
583 1914 871 1960 defenditur
908 1917 1129 1973 coniunx,
1163 1920 1394 1978 quociens,

21 1983 208 2037 anulus,
244 1982 409 2035 contio,
444 1981 683 2042 quicquid,
717 1996 961 2037 accersere,
991 1984 1112 2028 item
1141 1986 1392 2045 scriptura

21 2049 159 2092 vocis
218 2047 438 2101 dicionis,
504 2047 626 2102 alia,
695 2045 783 2091 sed
830 2057 1001 2091 utrum
1039 2059 1273 2109 temptare
1327 2066 1392 2094 an

21 2123 217 2165 tentare,
242 2112 508 2172 reciperare
550 2127 614 2156 an
648 2127 928 2171 recuperare
961 2112 1168 2172 probes,
1203 2116 1286 2159 vix
1330 2131 1392 2160 ex

22 2193 117 2223 usu
141 2176 393 2223 scribendi
416 2189 551 2222 certe
587 2178 922 2222 constitueris,
957 2176 1275 2225 Difficillima
1309 2196 1389 2225 res

23 2255 98 2289 est
138 2241 200 2288 de
248 2241 443 2303 duplici
486 2241 651 2287 vocali
697 2242 726 2285 i.
796 2242 1011 2288 Codices
1059 2246 1195 2289 enim
1239 2257 1288 2290 et
1324 2246 1390 2301 di,

23 2309 96 2351 dis
126 2320 176 2353 et
203 2307 343 2361 idem,
375 2307 526 2352 isdem
571 2319 766 2352 tantum
801 2324 909 2352 non
933 2308 1140 2369 ubique,
1176 2310 1264 2355 sed
1300 2309 1388 2356 ob-

25 2383 157 2418 stant
206 2385 390 2429 tamen,
447 2375 721 2432 quominus
773 2377 1059 2419 necessario
1117 2377 1189 2421 sic
1239 2377 1391 2421 etiam

21 2437 176 2483 hodie
207 2437 531 2484 scribendum
567 2453 674 2484 esse
709 2451 876 2499 putes,
915 2439 996 2484 alii
1026 2440 1144 2486 loci.
1213 2441 1389 2502 Itaque

22 2504 75 2548 in
108 2503 186 2548 his
222 2503 427 2565 quidem
460 2503 670 2549 vocibus
691 2505 949 2566 vulgarem
982 2505 1232 2551 scribendi
1269 2522 1389 2552 con-

10 2568 341 2615 suetudinem
390 2570 601 2628 retinui,
661 2572 753 2616 etsi
803 2571 1188 2631 pronuntiando
1238 2573 1391 2619 velim
