1703 2961
403 130 483 172 DE
513 128 719 172 GESTIS
752 130 919 172 ALEX.
961 131 1071 178 Vm,
1116 130 1177 170 13.
1375 124 1453 165 261

57 251 102 279 16
197 240 360 289 Dahae,
393 241 651 297 Spitamenis
681 240 813 283 caede
841 249 1082 299 comperta,
1110 234 1515 295 Dataphernem‚13

117 311 370 354 defectionis
403 314 490 354 cius
518 312 784 369 participem,
824 313 1020 354 vinctum
1049 312 1292 353 Alexandro
1323 322 1453 364 seque

116 383 293 427 dedunt.
343 385 431 435 1110,
468 385 656 426 maxima
698 385 993 439 praesentium
1024 398 1230 425 curarum
1259 388 1381 436 parte
1408 378 1454 418 li-

111 453 299 502 beratus,
330 456 544 498 convertit
573 456 768 497 animum
798 456 853 496 ad
880 455 1158 497 vindicandas
1183 453 1354 495 iniurias
1386 465 1453 490 eo-

113 539 223 573 rum,
256 526 410 581 quibus
445 543 467 569 a
507 527 779 584 praet01ibus
809 528 893 568 suis
925 541 1049 568 avare
1083 542 1133 569 ac
1163 524 1347 582 superbe
1378 522 1454 563 irn—

54 597 358 651 17perabatur.
412 600 528 656 Ergo
564 597 879 653 Phratapherni
909 599 1175 655 Hyrcaniam
1207 604 1250 639 et
1274 595 1455 638 Mardos

114 683 214 708 cum
245 669 454 724 '.['apyris¹
497 670 691 716 tradidit,
729 669 1051 725 mandavitque,
1079 678 1126 711 ut
1155 667 1451 716 Phradaten,²

114 739 182 780 cui
211 741 485 791 succedebat,
528 742 582 783 ad
621 755 664 783 se
704 741 747 782 in
788 741 1033 783 custodiam
1066 742 1270 783 mitteret.
1330 740 1456 780 Arsa-

109 811 182 860 mi‚
213 811 523 868 Drangaru1n3
567 812 802 870 praefecto,
842 812 1098 854 substitutus
1128 820 1190 853 est
1222 813 1455 858 Stasanor;

111 883 292 924 Arsaces
330 883 374 924 in
410 884 605 926 Mediam
640 883 815 934 missus,
857 892 905 926 ut
940 884 1160 938 Oxydates
1193 884 1294 926 inde
1326 883 1459 924 disce-

113 954 249 995 deret.
285 954 538 1013 Babylonia,
572 954 842 999 demortuo⁴
873 956 1068 1007 Mazaeo,
1097 955 1292 998 Stameni
1313 957 1326 982 ⁵
1362 955 1459 995 sub-

111 1027 223 1068 iecta
252 1033 328 1069 est,

57 1138 108 1169 ιν.
207 1127 279 1169 His
316 1127 567 1185 compositis
613 1128 741 1169 tertio
793 1143 942 1169 mense
987 1144 1036 1169 ex
1083 1128 1278 1169 hibernis
1321 1121 1521 1167 movit14

114 1199 364 1250 exercitum,
407 1201 647 1256 regionem,
688 1215 799 1257 quae
831 1199 1007 1241 Gabaza
1035 1199 1292 1256 appellatur,
1322 1196 1459 1237 aditu-

62 1287 81 1313 2
112 1286 198 1314 rus.
237 1267 407 1312 Primus
445 1271 533 1314 dies
576 1272 776 1329 quietum
803 1272 888 1314 iter
916 1272 1138 1329 praebuit:
1169 1270 1389 1327 proximus
1421 1268 1459 1309 ei

112 1344 312 1385 nondum
352 1343 530 1401 quidem
564 1344 831 1401 procellosus
867 1351 908 1385 et
947 1344 1101 1392 tristis,
1140 1341 1368 1384 obscurior
1401 1347 1461 1380 ta-

112 1431 215 1456 men
243 1415 441 1471 pristine,
461 1430 552 1456 non
579 1414 701 1455 sine⁶
737 1416 968 1456 crescentis
983 1416 1083 1456 mali
1117 1416 1279 1456 damno
1297 1417 1314 1438 ⁷
1342 1426 1461 1468 prac-

62 1503 79 1530 3
111 1487 240 1530 teriit.
303 1486 454 1526 Tertio
492 1486 545 1526 ab
588 1487 707 1526 omni
748 1494 871 1543 parte
914 1487 1020 1528 coeli
1062 1487 1251 1527 emicare
1283 1484 1461 1540 fulgura,

114 1567 157 1600 et
184 1573 301 1599 nunc
348 1557 629 1598 internitente
672 1558 782 1608 luce,
824 1573 942 1600 nunc
976 1558 1163 1606 condita,
1195 1572 1286 1598 non
1312 1556 1461 1598 oculos

113 1630 249 1672 modo
290 1629 475 1670 meantis
510 1629 743 1676 exercitus,
793 1629 868 1669 sed
913 1629 1044 1670 etiam
1092 1630 1261 1671 animos
1296 1636 1461 1669 terrere

59 1720 82 1745 4
114 1708 364 1758 coeperunt.
440 1701 549 1744 Erat
593 1714 730 1756 prope
781 1700 1014 1741 continuus
1071 1700 1182 1741 coeli
1215 1700 1380 1756 fragor,
1422 1707 1464 1740 et

114 1773 273 1832 passim
314 1772 566 1814 cadentium
603 1772 839 1813 fulminum
868 1772 1030 1826 species
1055 1771 1284 1813 visebatur.
1340 1773 1463 1812 Atto-

115 1846 301 1901 nitisque
347 1843 521 1884 auribus
566 1850 744 1899 stupens
791 1859 948 1900 agmen
992 1859 1076 1885 nec
1115 1844 1340 1901 progredi,
1379 1859 1460 1885 nec

60 1934 76 1962 s
112 1917 343 1960 consistere
385 1915 585 1958 audebat.
657 1916 775 1956 Tum
811 1922 990 1971 repente
1029 1915 1171 1956 imber
1202 1916 1460 1972 grandinem

118 1988 333 2032 incutiens
372 1987 573 2028 torrentis
609 1987 745 2027 modo
786 1987 1037 2027 effunditur.
1101 1987 1165 2027 Ac
1194 1987 1339 2042 primo
1372 1987 1464 2043 qui-

119 2063 220 2104 dem
264 2058 394 2100 armis
437 2058 521 2100 suis
562 2059 669 2100 tecti
711 2066 983 2116 exceperant,
1024 2057 1098 2098 sed
1135 2057 1221 2098 iam
1254 2074 1335 2099 nec
1367 2058 1465 2098 reti-

117 2148 222 2174 nere
258 2143 387 2172 arma·
418 2130 610 2171 lubricae
648 2139 691 2172 et
721 2131 906 2187 rigentes
940 2144 1097 2171 manus
1134 2137 1352 2185 poterant,
1383 2146 1464 2170 nec

118 2205 199 2262 ipsi
232 2203 459 2251 destinare,
494 2203 539 2242 in
579 2218 709 2259 quam
747 2204 970 2260 regionem
1008 2202 1288 2243 obverterent
1315 2217 1449 2254 corpo

119 2292 180 2326 ra,
220 2290 322 2317 cum
360 2274 552 2330 undique
588 2275 858 2330 tempestatis
898 2275 1106 2316 violentia
1135 2274 1290 2320 maior,
1335 2289 1467 2329 quaxn

69 2363 92 2394 6
121 2346 345 2396 vitabatur,
384 2351 648 2388 occurreret.
704 2345 821 2401 Ergo
859 2346 1085 2388 ordinibus
1117 2345 1267 2387 solutis
1296 2360 1373 2402 per
1403 2352 1468 2385 to-

127 2504 140 2528 Ι
166 2503 340 2548 Tapuris.
541 2502 561 2527 2
588 2503 824 2536 Phradatem.
1010 2505 1028 2534 3
1056 2505 1189 2539 Amani
1214 2505 1466 2540 Drancarum.

210 2558 233 2587 4
260 2564 421 2591 mortuo.
526 2557 545 2586 5
572 2557 829 2592 Deditameni.
925 2558 945 2583 6
972 2560 1055 2593 sine
1081 2559 1228 2592 minis
1257 2556 1471 2591 crescentis.

216 2611 230 2638 7
259 2611 376 2644 abest.
