1703 2961
215 105 296 150 248
663 106 719 162 Q.
753 105 958 150 CURTu
983 105 1152 162 Ruri,

219 216 392 263 Repletis
414 215 542 260 fossis,
569 228 657 251 cum
681 217 884 252 machinae
907 219 1210 260 admoverentur,
1237 218 1431 266 Cleophis'
1441 217 1572 263 regina

223 279 361 314 urbem
385 289 502 322 seque
527 277 632 312 dedit
661 285 697 312 et
720 279 871 312 veniam
895 279 1084 325 impetrat.

266 339 349 384 (39)
371 339 462 373 Mox
473 339 715 385 Polypercon
733 338 876 372 Noram
892 340 996 385 capit
1019 339 1080 383 (τὰ
1098 332 1197 389 ’Ὦρα
1213 339 1322 386 apud
1334 338 1573 383 Arrianum)

222 399 438 434 Alexander
470 401 617 434 Aornin
651 408 812 446 petram,
849 399 943 434 hinc
971 401 1066 434 Indo
1087 401 1259 443 flumine,
1285 401 1378 434 hinc
1405 400 1487 434 altis
1513 411 1576 432 vo-

224 461 419 506 raginibus
448 461 734 498 circumdatam.
756 473 979 507 oppugnare
1002 463 1142 496 statuit.
1192 463 1400 507 Voragines
1425 461 1577 505 explen-

224 530 298 564 tur,
335 519 418 566 (ltO)
457 523 539 567 ipse
574 533 639 556 rex
672 535 759 556 cum
794 522 928 556 leviter
959 524 1109 556 armatis
1139 535 1208 569 per
1244 534 1354 569 rupes
1380 522 1483 555 amni
1511 522 1578 554 im-

225 584 436 630 pendentes
471 584 513 616 in
547 583 728 617 verticem
761 584 907 626 nititur,
940 585 1005 618 sed
1030 586 1186 631 incepto
1213 584 1390 618 desistere
1417 583 1577 628 cogitur.

229 644 310 690 (ltl)
342 645 603 678 Veruntamen
634 645 846 690 pertinacia
879 646 956 678 eius
990 646 1079 679 victi
1118 646 1266 679 barbari
1291 652 1438 691 petram
1461 649 1581 677 noctu

230 705 408 740 deserunt
430 704 548 738 effusa
572 705 672 751 fuga.
715 705 805 739 lnde
824 705 1050 748 Alexander,
1077 707 1194 751 pulsis
1221 706 1285 752 qui
1319 707 1457 739 itinera
1486 703 1583 737 obsi-

231 766 373 805 debant
398 767 514 806 Indis,
541 767 742 801 Ecbolima
773 767 888 810 venit,
927 768 1009 813 (st-2)
1043 767 1136 801 hinc
1165 767 1212 800 ad
1241 779 1328 800 eum
1353 768 1493 807 locum,
1517 765 1584 798 ubi

229 839 330 873 pons
358 827 399 861 in
433 827 529 861 Indo
563 827 723 862 flumine
757 837 999 874 praeparatus
1037 835 1127 861 erat.
1188 827 1364 873 Omphis,
1396 838 1464 860 rex
1487 828 1585 860 inter

229 887 370 921 Indum
395 894 432 920 et
456 888 664 935 Hydaspen
689 901 834 931 amnes,
848 889 1062 924 Alexandro
1083 889 1307 927 occurrit,se
1327 899 1470 933 suaque
1495 886 1585 920 fidei

234 949 314 982 eius
352 949 584 994 permittens,
642 948 724 995 (43)
757 951 971 985 Alexander
1005 961 1092 984 eum
1114 957 1150 983 et
1176 951 1340 983 restituit
1362 949 1404 983 in
1428 959 1586 994 regnum

236 1017 274 1043 et
304 1011 450 1055 regium
485 1021 630 1045 nomen
663 1011 827 1045 Taxilen
862 1022 1010 1045 sumere
1039 1011 1158 1053 iubet,
1193 1011 1297 1044 dona
1331 1011 1457 1052 etiarn,
1490 1019 1588 1055 quae

236 1071 309 1116 ipsi
335 1071 538 1114 obtulerat,
574 1073 826 1118 multiplicata
852 1072 989 1114 reddit,
1014 1073 1336 1106 murmurantibus
1364 1070 1591 1118 quibusdam

237 1132 508 1167 Macedonum.
558 1129 638 1176 (fist)
668 1133 853 1176 Abisares,
880 1134 979 1167 ultra
1007 1133 1215 1179 Hydaspen
1240 1134 1402 1178 regulus,
1431 1132 1591 1178 (Arria-

237 1205 310 1226 nus
344 1203 621 1227 montanorum
656 1193 843 1228 Indorum
877 1194 988 1237 dicit)
1021 1195 1152 1239 legatis
1185 1195 1319 1235 missis,
1349 1204 1429 1227 sese
1472 1192 1589 1227 dedit.

238 1254 465 1287 Barzaentes
509 1261 545 1287 et
576 1254 765 1288 Gamaxus
809 1256 971 1289 rebelles
1000 1256 1119 1297 vincti
1159 1255 1412 1289 adducuntur.
1473 1255 1591 1298 Porus

240 1320 367 1350 autem
393 1315 619 1350 clarissimus
647 1316 690 1350 in
720 1327 764 1350 ea
792 1317 948 1360 regione
974 1326 1054 1358 rex,
1080 1323 1205 1361 spreta
1228 1318 1436 1358 deditione,
1462 1316 1507 1348 in
1531 1314 1587 1347 ul-

240 1376 380 1409 teriore
411 1375 598 1422 Hydaspis
632 1377 715 1422 ripa
751 1389 834 1412 cum
873 1377 1040 1410 exercitu
1075 1378 1318 1421 consederat,
1357 1376 1593 1412 Macedones

241 1437 401 1471 transitu
431 1436 707 1482 prohibiturus.
767 1435 849 1483 (45)
874 1438 922 1471 Et
946 1438 1066 1471 amnis
1086 1439 1301 1483 profundus
1328 1446 1365 1472 et
1389 1439 1521 1472 armati
1547 1439 1594 1472 ri-

242 1508 317 1544 pae
342 1498 600 1543 praesidentes
624 1505 768 1532 terrent
791 1498 1036 1540 Macedones,
1063 1511 1227 1544 quorum
1251 1501 1407 1534 iuvenes
1431 1499 1596 1533 nonnul,

243 1558 286 1600 li,
312 1558 537 1592 blandiente
561 1570 736 1592 successu
759 1559 950 1593 temerarii
975 1559 1078 1597 facti,
1109 1561 1156 1592 ab
1181 1561 1283 1594 Indis
1315 1561 1594 1606 opprimuntur.

246 1616 323 1664 (l16)
351 1618 483 1652 Nihilo
519 1619 644 1652 minus
674 1619 890 1654 Alexander
922 1626 1144 1665 tempestate
1177 1620 1325 1654 adiutus
1354 1622 1452 1657 clam
1479 1621 1599 1655 hosti-

245 1680 316 1715 bus
341 1691 493 1713 amnem
520 1680 671 1714 traiicit.
718 1677 800 1726 (47)
829 1681 917 1726 Quo
946 1687 1143 1726 comperto
1167 1681 1284 1714 Porus
1307 1682 1474 1727 primum
1493 1682 1597 1727 equi„

246 1749 301 1775 tes
337 1748 374 1774 et
407 1740 605 1786 quadrigas
637 1741 778 1785 agmini
803 1741 1129 1788 appropinquanti
1153 1742 1301 1781 obiicit,
1325 1742 1391 1776 sed
1419 1755 1599 1776 curruum

249 1803 435 1839 auxilium
460 1803 608 1836 irritum
630 1800 685 1837 fit.
742 1800 825 1848 (48)
861 1803 962 1837 Tum
990 1803 1215 1848 elephantos
1239 1804 1466 1849 peditesque
1490 1804 1601 1838 indu«

250 1865 314 1899 cit.
370 1862 583 1898 Alexander
616 1875 704 1896 cum
739 1863 899 1898 ducibus
933 1865 1130 1910 copiarum
1167 1865 1260 1910 quid
1291 1864 1373 1899 fieri
1398 1865 1512 1898 vellet
1532 1866 1601 1899 im-

249 1933 428 1972 perasset,
452 1927 534 1971 ipse
571 1924 715 1969 primus
739 1937 826 1959 cum
851 1927 1021 1972 equitatu
1045 1937 1124 1959 rem
1149 1927 1255 1971 gerit.
1305 1924 1386 1972 (119)
1419 1927 1503 1961 Indi
1526 1934 1600 1961 tur,

250 1987 331 2021 bati
366 1998 411 2020 ac
447 1985 594 2019 disiecti
629 1993 822 2031 pugnant,
854 1988 1061 2020 maximum
1096 1994 1289 2021 certamen
1326 1989 1428 2022 circa
1461 1989 1603 2022 Porum

251 2048 379 2094 ipsum
403 2055 443 2081 et
468 2046 692 2092 elephantos
722 2049 906 2083 consistit.
957 2050 1039 2094 (50)
1067 2048 1210 2082 Ceteris
1237 2049 1449 2095 elephantis
1476 2051 1519 2084 in
1544 2050 1600 2084 fu-

251 2119 338 2153 gam
363 2109 516 2149 aversis,
537 2109 654 2143 Porus
683 2109 880 2144 destitutus
904 2110 1147 2156 pertinaciter
1170 2117 1299 2144 tamen
1325 2110 1372 2143 de
1397 2122 1466 2144 suo
1491 2111 1601 2144 dimi-

253 2175 325 2211 cat,
356 2169 482 2202 donec
511 2177 547 2203 et
567 2170 647 2216 ipse
671 2170 802 2216 fugere
830 2178 994 2210 coactus,
1017 2172 1184 2217 acceptis
1212 2172 1338 2206 multis
1366 2171 1598 2209 vulneribus.

251 2229 295 2265 in
319 2237 458 2263 terram
483 2230 659 2276 delapsus
691 2232 849 2278 capitur.
905 2233 988 2278 (51)
1009 2233 1125 2267 Cuius
1151 2235 1270 2268 animi
1296 2232 1601 2278 magnitudinem

250 2291 465 2327 Alexander
497 2292 703 2326 admiratus
740 2304 824 2328 eum
856 2294 955 2328 inter
980 2296 1121 2330 amicos
1157 2296 1312 2342 recipit,
1347 2301 1384 2328 et
1417 2295 1603 2342 ampliore

252 2353 368 2387 etiam
390 2363 521 2398 regno,
547 2365 662 2398 quam
688 2354 886 2400 habuerat,
920 2356 1051 2393 donat.

1698 2415 1703 2446 y

1698 2448 1703 2502 ἒ

194 2517 215 2558 1
258 2476 627 2560 ALEXANDER
649 2514 814 2557 maiore
845 2515 963 2557 fama
991 2530 1124 2573 quam
1153 2515 1287 2573 gloria
1316 2516 1360 2559 in
1378 2517 1596 2560 dicionem
1609 2533 1638 2564 1.

257 2586 434 2629 redacta
465 2593 603 2644 petra,
643 2602 743 2629 cum
783 2594 966 2646 propter
1003 2602 1159 2646 vagum
1195 2587 1371 2633 hostem
1403 2604 1604 2648 spargen-
