1703 2961
207 119 288 163 295
653 117 710 173 Q.
749 117 952 162 cumn
979 117 1120 162 mm

210 232 344 280 brica,
372 238 415 272 et
453 229 509 271 ob
547 229 591 272 id
630 229 900 285 impediente
927 238 1151 282 conatum,
1185 231 1414 275 molientes
1442 233 1565 282 ictus,

213 303 433 346 celeritate
473 301 670 344 hostium
719 306 1040 358 occupantur.¹
1112 303 1230 358 Ergo
1269 312 1416 360 spreto
1460 305 1569 361 regis
1585 319 1635 343 20

214 374 420 431 imperio,
456 373 598 430 (quod
638 372 731 414 fere
772 372 842 422 fit,
890 374 966 415 ubi
1012 374 1199 416 turbatis
1247 375 1388 418 acrius
1426 385 1569 418 metus

213 461 348 502 quam
387 445 475 487 dux
513 445 730 502 imperare
767 445 944 502 coepit‚)
974 446 1161 488 totidem
1190 454 1315 488 erant
1340 447 1573 503 imperato-

213 532 295 568 res,
327 525 437 574 quot
468 517 640 572 agmina
673 518 890 560 errabant.
935 518 1052 559 Alius
1079 518 1256 574 iungere
1287 518 1439 568 aciem,
1470 519 1573 560 alius
1589 534 1637 556 21

216 589 420 639 dividere,
454 596 568 630 stare
608 588 802 646 quidam,
846 596 890 630 et
926 589 1126 631 nonnulli
1155 588 1423 632 circumvehi
1454 597 1574 646 terga

215 661 409 702 hostium
456 660 680 702 iubebant.
749 659 866 702 [Nihil
914 660 959 702 in
1006 660 1204 702 medium
1252 660 1574 702 consulebatur.

215 733 355 773 Porus
388 739 539 773 tamen
571 747 674 774 cum
704 732 870 788 paucis,
901 733 1059 789 quibus
1085 741 1205 774 metu
1239 733 1389 789 potior
1434 732 1578 774 fuerat
1593 746 1642 770 22

216 804 373 859 pudor,
406 804 606 861 colligere
636 804 867 860 dispersos,
896 804 1048 846 obvius
1077 804 1190 846 hosti
1221 804 1282 845 ire
1310 804 1465 861 pergit,
1496 804 1578 846 ele-

218 875 496 932 phantosque
536 882 635 917 ante
665 890 824 932 agmen
860 891 1043 918 suorum
1080 876 1147 933 agi
1178 875 1310 916 iubet.
1363 877 1576 932 Magnum
1592 889 1639 916 23

217 949 371 990 beluae
416 947 605 989 iniecere
655 954 895 999 terrorem,
946 947 1231 1005 insolitusque
1279 947 1443 990 stridor
1484 963 1577 989 non

219 1035 355 1076 equos
391 1019 543 1070 modo,
583 1026 676 1061 tam
705 1020 916 1077 pavidum
946 1020 1002 1061 ad
1031 1020 1180 1062 omnia
1210 1019 1387 1068 animal,
1415 1019 1492 1065 sed
1519 1019 1578 1061 vi-

218 1106 290 1133 ros
319 1106 496 1149 quoque
524 1091 785 1149 ordinesque
815 1092 1078 1133 turbaverat.
1121 1093 1215 1134 Iam
1241 1090 1371 1148 fugae
1396 1092 1582 1134 circum·
1598 1106 1647 1132 24

218 1163 463 1221 spiciebant
490 1163 642 1206 locum
671 1163 802 1220 paulo
835 1171 936 1204 ante
965 1163 1175 1213 victores,·
1204 1179 1307 1205 cum
1334 1163 1579 1205 Alexander

217 1236 434 1292 Agrianos
476 1243 519 1277 et
556 1233 752 1277 Thracas
788 1235 940 1277 leviter
982 1243 1188 1283 armatos,
1219 1235 1447 1277 meliorem
1478 1251 1581 1277 con-

222 1309 471 1349 cursatione
505 1321 642 1364 quam
683 1306 883 1348 cominus
921 1306 1134 1357 militem,
1173 1308 1314 1348 emisit
1350 1307 1398 1348 inv
1419 1306 1580 1347 beluas.

220 1384 450 1435 Ingentem
482 1378 561 1420 hi²
604 1378 695 1422 vim
735 1377 927 1419 telorum
963 1378 1151 1421 iniecere
1195 1386 1239 1421 et
1270 1377 1510 1434 elephantis
1538 1386 1641 1419 et2s

219 1449 469 1507 regentibus
512 1465 601 1491 eos.
674 1449 870 1492 Phalanx
912 1466 1088 1508 quoque
1134 1451 1296 1492 instare
1331 1457 1583 1491 constanter

219 1521 381 1564 territis
422 1521 580 1578 coepit.
646 1520 735 1563 Sed
768 1521 947 1578 quidam
985 1523 1149 1565 avidius
1188 1521 1404 1578 persecuti
1434 1522 1647 1563 beluas26

221 1596 266 1636 in
296 1600 434 1636 semet
469 1593 694 1635 irritavere
733 1593 994 1636 vulneribus.
1060 1594 1228 1637 Obtriti
1268 1609 1368 1650 ergo
1399 1594 1584 1648 pedibus

221 1681 374 1708 earum
417 1666 583 1713 ceteris,
624 1673 673 1708 ut
709 1665 883 1723 parcius
922 1666 1147 1717 instarent,
1189 1666 1312 1708 fuere
1342 1666 1584 1708 documen-

218 1747 330 1780 tum.
396 1738 636 1794 Praecipue
674 1737 878 1778 terribilis
917 1737 985 1778 illa
1015 1737 1148 1780 facies
1175 1746 1280 1787 erat,
1312 1754 1414 1780 cum
1445 1754 1580 1780 manu
1597 1752 1643 1778 27
1701 1753 1703 1789 ς

220 1825 342 1854 arma
373 1811 575 1866 virosque
607 1809 891 1864 corriperent,
924 1818 968 1850 et
997 1825 1128 1867 super
1152 1826 1196 1852 se
1226 1810 1475 1867 regentibus
1500 1817 1584 1851 tra-

220 1882 387 1923 derent.
455 1882 629 1937 Anceps
669 1896 771 1937 ergo
815 1897 960 1938 pugna
990 1898 1108 1923 nunc
1138 1881 1431 1939 sequentium,
1463 1880 1647 1934 nunc-‘28

220 1953 483 2012 fugientium
527 1952 798 2009 elephantos,
838 1953 883 1994 in
916 1953 1108 1995 multum
1138 1952 1224 1994 diei
1251 1952 1420 1995 varium
1447 1960 1585 1996 certa-

221 2042 326 2068 men
360 2025 559 2074 extraxit;
592 2025 734 2067 donec
765 2026 990 2068 securibus
1037 2025 1101 2078 (id
1130 2039 1322 2082 namque
1347 2040 1481 2081 genus
1511 2041 1585 2066 au-

222 2099 310 2140 xilii
357 2106 672 2155 praeparatum
723 2102 834 2149 erat)
888 2098 1022 2153 pedes
1064 2104 1293 2154 amputare
1331 2103 1585 2153 coeperunt.

224 2170 419 2227 Copidas
465 2169 716 2211 vocabant³
768 2170 933 2227 gladios
976 2169 1126 2210 leviter
1164 2176 1365 2210 curvatos
1396 2168 1580 2210 falcibus
1598 2182 1646 2212 29

222 2243 396 2291 similes,
427 2243 522 2299 quis
553 2241 820 2298 appetebant
851 2241 1080 2282 beluarum
1112 2256 1283 2283 manus.
1337 2242 1430 2282 Nec
1466 2241 1586 2297 quic-

225 2329 358 2372 quam
390 2315 665 2370 inexpertum
691 2331 782 2356 non
813 2314 967 2355 mortis
990 2313 1141 2363 modo,
1171 2312 1246 2354 sed
1276 2311 1409 2353 etiam
1432 2311 1476 2352 in
1494 2313 1583 2368 ipsa

224 2392 370 2427 morte
399 2385 498 2426 novi
528 2386 727 2442 supplicii
758 2386 893 2427 timor
923 2385 1172 2426 omittebat.

163 2463 216 2505 50
310 2458 427 2515 Ergo
459 2456 679 2515 elephanti
710 2458 960 2500 vulneribus
986 2458 1166 2500 tandem
1183 2455 1350 2513 fatigati
1379 2471 1479 2498 suos
1509 2456 1587 2498 im-
1602 2478 1652 2508 30

228 2626 246 2650 1
275 2630 573 2671 occupabantur.
778 2625 797 2651 2
821 2626 859 2659 ii.
1064 2625 1083 2654 3
1112 2629 1262 2658 vocant.
