1703 2961
172 55 226 101 56
619 51 674 109 Q.
705 50 911 96 CURTII
940 52 1082 96 RUFI

176 166 384 226 agebant:
414 163 516 208 inde
562 164 739 208 missilia
778 164 825 206 in
861 172 1186 223 propugnantes
1230 167 1541 225 ingerebantur

178 245 294 290 tuto,
331 237 431 295 quia
474 238 616 293 proris
653 237 777 279 miles
821 238 1062 294 tegebatur.
1122 238 1271 281 Media
1310 256 1398 283 nox
1436 249 1606 293 erat‚16
1654 243 1656 247 ’

181 324 286 352 cum
326 300 532 359 classem‚'
557 309 683 352 sicuti
721 309 889 352 dictum
929 317 994 352 est
1036 317 1258 365 paratam,
1310 313 1542 360 circumire

181 394 336 424 muros
373 380 508 430 iubet,
539 382 716 439 iamque
745 396 876 423 naves
904 381 1001 424 urbi
1032 382 1226 439 undique
1252 383 1545 426 admoveban-
1666 426 1668 434 k
1693 409 1703 417 ⁴·

181 456 268 502 tur,
298 459 343 495 et
370 453 491 511 Tyrii
524 453 825 507 desperatione
855 453 1109 508 torpebant:
1141 470 1245 496 curn
1275 455 1418 498 subito
1446 458 1549 511 spis·
1666 440 1670 518 ἶ

182 539 256 567 sae
285 525 423 567 nubes
464 524 691 565 intendere
730 539 774 565 se
802 524 940 575 coelo,
972 532 1016 566 et
1044 525 1251 582 quicquid
1278 527 1386 569 lucis
1416 528 1547 569 inter-
1662 582 1664 586 ¹

183 596 356 638 nitebat
392 596 530 638 effusa
573 596 755 652 caligine
809 596 1051 638 extinctum
1101 604 1175 638 est.
1245 599 1364 640 Tum
1400 599 1608 641 inhor-17

184 683 359 711 rescens
388 682 508 709 mare
537 667 746 722 paulatim
777 667 920 718 levari,
954 668 1127 719 deinde,
1166 670 1335 712 acriore
1363 675 1376 696 ¹
1415 679 1547 712 vento

185 740 472 789 concitatum,
504 739 662 781 ssuctus
690 739 817 789 ciere,
849 747 893 781 et
924 740 1039 781 inter
1069 755 1113 781 se
1142 742 1308 797 navigia
1330 741 1548 784 collidere.

185 813 369 869 lamque
406 811 545 854 scindi
584 813 867 868 coeperunt²
908 811 1094 863 vincula,
1134 814 1290 870 quibus
1328 828 1550 855 connexae

187 884 489 942 quadriremes
512 888 649 934 erant,
679 897 808 925 ruere
837 882 1047 932 tabulata,
1079 892 1123 927 et
1150 902 1253 928 cum
1279 884 1444 942 ingenti
1470 884 1556 925 sra-

187 971 293 1013 gore
337 955 382 998 in
419 953 693 1012 profundum
735 969 888 997 secum
936 956 1096 999 milites
1137 957 1325 999 trahere.
1396 957 1551 1013 Neque
1569 972 1615 1000 ιε

189 1028 309 1070 enim
351 1034 553 1071 conserta
594 1027 760 1084 navigia
795 1026 878 1068 ulla
921 1043 1002 1082 ope
1034 1028 1078 1069 in
1109 1030 1289 1071 turbido
1318 1030 1407 1086 regi
1433 1037 1555 1083 pote-

189 1107 311 1141 rant:
339 1098 464 1140 miles
501 1099 741 1141 ministeria
771 1106 1022 1149 nautarum,
1060 1116 1210 1143 remex
1235 1104 1250 1131 3
1284 1102 1430 1143 militis
1461 1100 1556 1143 offi-

191 1171 257 1214 cia
287 1171 556 1223 turbabat;⁴
592 1179 651 1220 et,
690 1171 811 1229 quod
849 1171 895 1211 in
937 1171 1151 1214 eiusmodi
1185 1177 1200 1202 ⁵
1248 1188 1350 1216 casu
1381 1173 1554 1221 accidit,

187 1242 314 1298 periti
344 1243 502 1300 ignaris
528 1243 763 1298 parebant:
793 1243 955 1300 quippe
985 1244 1314 1299 gubernatores,
1347 1245 1448 1286 alias
1479 1245 1558 1286 im-

187 1330 343 1371 perare
388 1315 516 1363 soliti,
560 1323 655 1357 tum
704 1323 827 1356 metu
869 1315 1024 1356 mortis
1060 1315 1170 1356 iussa
1214 1318 1556 1374 exequebantur.

189 1386 394 1428 Tandem
431 1387 564 1430 remis
605 1387 870 1442 pertinacius
911 1386 1216 1428 everberatum
1251 1403 1375 1430 mare
1426 1388 1558 1430 veluti

188 1458 471 1513 eripientibus
516 1459 685 1514 navigia
728 1458 915 1502 classicis
951 1459 1098 1510 cessit,
1150 1460 1415 1518 appulsaque
1457 1467 1559 1502 sunt

187 1529 319 1580 litori,
347 1530 537 1573 lacerata
567 1531 788 1589 pleraque.

128 1607 179 1650 15
274 1602 436 1645 Iisdem
466 1602 583 1644 forte
615 1603 769 1644 diebus
793 1603 814 1628 ⁶
856 1600 1286 1659 Carthaginiensium
1326 1604 1453 1660 legati
1487 1604 1623 1651 tri-19
1684 1634 1687 1645 .

190 1679 310 1732 ginta
338 1676 665 1731 superveniunt,
707 1674 845 1731 magis
872 1675 1052 1716 obsessis
1079 1675 1294 1727 solatium,
1324 1692 1456 1733 quain
1486 1691 1560 1718 au·
1685 1690 1688 1711 τ

189 1747 365 1790 xilium:
400 1748 560 1805 quippe
593 1748 838 1789 domestico
878 1747 992 1788 bello
1023 1747 1196 1788 Poenos
1225 1748 1449 1802 impediri,
1475 1763 1559 1790 nec
1686 1743 1688 1748 ¹

192 1819 248 1861 de
275 1819 474 1873 imperiO,
504 1820 579 1862 sed
617 1834 698 1873 pro
727 1819 864 1860 salute
896 1818 1119 1868 dimicare,
1152 1819 1429 1861 nuntiabant.
1487 1820 1629 1873 Sy-20

190 1891 395 1933 racusani
422 1900 519 1934 tum
544 1896 560 1918 ⁷
595 1891 794 1934 Africam
823 1891 1024 1941 urebant,
1058 1898 1102 1931 et
1132 1889 1251 1931 haud
1276 1891 1430 1945 procul
1455 1889 1562 1934 Car-

191 1965 381 2022 thaginis
410 1964 546 2006 muris
574 1963 828 2006 locaverant
854 1971 1009 2006 castra.
1056 1964 1162 2006 Non
1183 1970 1335 2005 tamen
1360 1962 1560 2006 defecere

191 2037 350 2079 animis
380 2035 515 2093 Tyrii,
545 2050 817 2093 quamquam
833 2036 887 2077 ab
918 2036 1081 2092 ingenti
1109 2050 1183 2091 spe
1202 2035 1395 2077 destituti
1413 2043 1563 2084 erant,-

191 2111 269 2153 sed
300 2109 507 2166 coniuges
535 2108 783 2165 liberosque
814 2107 1093 2150 devehendos
1123 2096 1438 2162 Carthaginem
1472 2114 1561 2148 tra-

192 2183 426 2230 diderunt,
456 2181 614 2224 fortius
644 2179 855 2237 quicquid
885 2180 1106 2222 accideret
1129 2179 1280 2228 laturi,
1318 2178 1352 2220 si
1394 2178 1559 2220 carissi-

191 2270 315 2298 mam
366 2254 431 2296 sui
476 2261 650 2309 partem
698 2259 817 2294 extra
846 2259 1012 2293 sortem
1047 2251 1228 2306 periculi
1266 2250 1515 2293 communis
1539 2249 1556 2276 ⁸

191 2325 462 2370 habuissent.
529 2324 736 2383 Cumque
787 2339 901 2366 unus
949 2338 973 2365 e
1019 2322 1186 2366 civibus
1218 2322 1262 2365 in
1300 2322 1620 2366 contione⁹21

194 2452 209 2474 ¹
237 2448 389 2484 acriori.
531 2445 552 2471 2
577 2453 796 2493 coeperant.
938 2443 958 2475 3
986 2445 1161 2492 remiges.
1291 2446 1314 2479 4
1339 2444 1559 2480 turbabant.

284 2505 303 2533 5
333 2500 570 2536 huiusmodi.
773 2499 795 2525 6
818 2498 954 2534 diebus
982 2499 1093 2533 forte.
1297 2500 1315 2527 7
1343 2507 1448 2534 tunc.

286 2557 304 2586 8
333 2556 548 2590 communis
573 2555 735 2601 periculi
759 2561 911 2587 sortem.
1114 2553 1136 2581 9
1164 2553 1278 2588 civib.
1306 2554 1500 2588 concioni.
