1703 2961
272 103 324 140 22
737 102 791 154 Q.
823 100 1025 142 (tuam
1060 98 1199 140 RUF1

220 209 270 249 19
344 212 523 268 Iamque
542 217 555 238 ¹
574 210 732 254 Graeci
747 212 913 263 milites,
926 227 1034 279 quo?
1046 210 1301 265 Thymodes
1313 210 1629 252 aPharnabazo
1647 220 1679 252 v:

278 291 520 339 acceperat,
562 285 796 340 praecipua
838 300 933 341 spes
975 291 1018 325 et
1041 282 1369 341 propemodum
1401 283 1542 333 unica,
1574 283 1630 324 ad

278 354 474 396 Dareum
514 364 815 412 pervenerant.
888 357 941 396 Hi
979 370 1245 412 magnopere
1277 354 1543 402 suadebant,
1582 361 1632 395 ut
1663 366 1680 389 ²

280 433 398 467 retro
440 428 592 477 abiret,
635 429 931 485 spatiososque
970 426 1317 483 Mesopotamiae
1353 440 1534 482 campos
1569 441 1636 468 re-
1685 414 1686 417 Ἴ

1685 466 1690 482 1

1686 486 1690 502 Ι

279 506 474 555 peteret:
503 500 534 540 si
556 500 597 541 id
629 502 857 542 eonsilium
879 501 1121 548 damnaret,
1153 507 1198 540 at
1223 499 1291 539 ille
1321 497 1534 540 divideret
1563 499 1638 540 sal·
1686 520 1691 557 g

281 577 372 610 tem
420 572 566 628 copias
616 573 975 621 innumerabiles,
1015 587 1101 612 neu
1136 572 1215 612 sub
1256 586 1394 612 unum
1435 570 1638 612 fortunae
1688 592 1695 634 k

281 642 419 683 ictum
457 651 573 684 totas
608 644 717 686 vires
742 645 860 701 regni
893 645 1049 686 eadere
1076 650 1313 700 pateretur.
1372 642 1519 684 Minus
1550 642 1636 684 hoc
1668 653 1693 684 3

281 714 417 770 regi,²
461 730 594 771 quam
642 717 893 773 purpuratis
933 717 1022 758 eius
1073 714 1350 770 displicebat:
1399 715 1638 771 ancipitem
1690 708 1693 712 ¹

281 784 429 833 fidem,
472 794 516 828 et
558 788 762 829 mercede
803 789 1001 830 venalem
1046 786 1346 843 proditionem
1394 785 1638 835 imminere,

282 863 325 897 et
357 857 488 899 dividi
530 874 620 899 non
656 860 714 900 ob
755 860 870 902 aliud
906 860 1055 916 copias
1086 858 1207 906 velle,
1246 873 1379 915 quam
1408 865 1458 898 ut
1485 857 1564 914 ipsi
1594 857 1640 898 in
1692 842 1696 891 l

283 928 448 971 divorsa
482 931 668 987 digressi,
709 932 742 972 si
777 933 881 988 quid
924 933 1209 975 commissum
1253 936 1374 978 esset,
1415 929 1642 971 traderent
1693 918 1697 958 ἶ

283 1001 540 1043 Alexandro.
618 1002 735 1044 Nihil
783 1007 918 1046 tutius
963 1005 1112 1050 fore,3
1165 1017 1297 1058 quam
1340 1001 1637 1044 circumdatos
1668 1014 1688 1040 ⁴

283 1088 356 1114 eos
397 1075 586 1115 exercitu
627 1082 721 1115 toto
762 1075 888 1116 obrui
929 1077 1036 1126 telis,
1069 1076 1388 1116 documentum
1413 1089 1505 1115 non
1534 1074 1643 1115 inul—

282 1152 350 1185 tae
381 1144 589 1201 perfidiae
621 1146 802 1188 futuros.
860 1148 919 1187 At
946 1146 1130 1194 Dareus,
1162 1154 1207 1187 ut
1238 1154 1331 1187 erat
1348 1152 1522 1186 sanctus
1551 1149 1636 1188 ac⁴
1672 1140 1689 1188 ε’

283 1216 412 1268 mitis,
443 1232 486 1258 se
520 1232 622 1259 vero
653 1225 827 1259 tantum
858 1218 1027 1260 facinus
1056 1227 1184 1275 negat
1214 1233 1302 1259 esse
1331 1218 1568 1265 facturum,
1594 1225 1644 1258 ut

283 1303 407 1329 suam
446 1297 620 1331 secutos
666 1288 820 1338 fidem,
878 1306 977 1332 suos
1025 1291 1192 1340 milites,
1233 1289 1380 1331 iubeat
1419 1289 1639 1332 trucidari.

283 1361 432 1414 Quem
472 1361 630 1402 deinde
669 1352 853 1418 amplius
902 1364 1132 1404 nationum
1182 1370 1426 1404 exterarum
1458 1361 1643 1403 salutem
1698 1358 1703 1412 l

282 1446 406 1472 suam
436 1433 706 1473 crediturum
736 1434 829 1485 sibi,
860 1435 892 1476 si
921 1442 990 1475 tot
1019 1435 1208 1475 militum
1235 1435 1440 1491 sanguine
1469 1433 1645 1474 imbuis·
1699 1413 1703 1510 l

281 1510 345 1544 set
369 1505 552 1545 manus?
584 1504 820 1546 Neminem
852 1507 1060 1548 stolidum
1093 1506 1322 1547 consilium
1353 1505 1494 1562 capite
1520 1505 1639 1547 luere
1670 1515 1703 1592 61

283 1574 457 1617 debere.
523 1575 767 1618 Desuturos
801 1578 942 1627 enim,
989 1578 1062 1634 qui
1097 1578 1346 1627 suaderent,
1393 1577 1426 1618 si
1464 1578 1645 1619 suasisse
1701 1593 1703 1648 Ι

281 1647 580 1703 periculosum
607 1650 619 1675 ⁵
656 1656 776 1690 esset⁸
845 1650 1048 1706 Denique
1083 1649 1198 1705 ipsos
1229 1647 1386 1690 cotidie
1418 1648 1472 1690 ad
1497 1664 1541 1690 se
1572 1649 1645 1690 ad·
1702 1655 1703 1691 l

280 1719 429 1760 vocari
458 1721 479 1745 ⁶
507 1720 552 1760 in
583 1720 825 1772 consilium,
857 1721 1080 1779 variasque
1108 1721 1341 1763 sententias
1372 1719 1530 1771 dicere,
1560 1736 1643 1766 nec

280 1798 432 1833 tamen
462 1791 654 1832 melioris
686 1792 784 1833 [idei
813 1793 981 1842 haberi,
1013 1793 1084 1850 qui
1116 1793 1374 1850 prudentius
1403 1792 1596 1834 suaserit.
1621 1795 1639 1816 ⁷

282 1865 433 1921 Itaque
473 1863 654 1904 Graecis
692 1864 893 1906 nuntiare
921 1867 936 1893 ⁸
972 1866 1104 1915 iubet,
1132 1866 1275 1922 ipsum
1313 1863 1491 1922 quidem
1521 1863 1641 1905 beni·
1673 1883 1691 1909 ⁷

282 1935 496 1977 volentiae
531 1934 704 1976 illorum
753 1937 910 1994 gratias
947 1952 1086 1994 agere,
1128 1945 1336 1987 ceterum,
1367 1936 1399 1977 si
1430 1943 1547 1977 retro
1579 1935 1641 1977 ire
1685 1920 1697 1959 3

282 2015 445 2064 pergat,
471 2007 590 2048 haud
623 2007 753 2049 dubie
793 2023 977 2065 regnum
1004 2009 1205 2050 hostibus
1237 2008 1514 2051 traditurum.
1562 2007 1641 2048 Fa·
1694 2004 1699 2049 l

282 2095 355 2121 ma
389 2079 500 2121 bella
539 2087 673 2131 stare,
733 2088 777 2122 et
799 2097 927 2130 eum,
985 2082 1057 2139 qui
1086 2081 1285 2132 recedat,
1323 2080 1472 2137 fugere
1505 2080 1639 2122 credi.
1688 2059 1699 2085 ἆ

280 2152 502 2194 Trahendi
543 2168 646 2194 vero
686 2153 786 2194 belli
823 2154 890 2195 vix
929 2154 1061 2195 ullam
1098 2169 1186 2197 esse
1229 2153 1458 2194 rationem.
1527 2152 1641 2193 Tan-

282 2230 352 2265 tae
379 2225 497 2266 enirn
528 2225 810 2275 multitudini,
849 2225 998 2282 utique
1033 2242 1134 2268 eum
1165 2226 1251 2267 iam
1279 2224 1420 2265 hiems
1447 2224 1639 2275 instaret,
1694 2275 1696 2278 y

283 2296 327 2337 in
359 2297 535 2353 regione
566 2306 696 2348 vasta,
732 2305 776 2339 et
815 2293 1001 2338 invicem
1034 2313 1057 2338 a
1088 2297 1172 2338 suis
1203 2305 1332 2354 atque
1363 2295 1488 2338 hoste
1519 2311 1640 2338 vexa-
1692 2343 1694 2345 ,

286 2375 341 2419 ta,
367 2384 458 2410 non
487 2369 724 2412 suffectura
752 2369 969 2410 alimenta.
1030 2370 1096 2411 Ne
1128 2370 1259 2410 dividi
1287 2369 1463 2426 quidem
1493 2368 1638 2425 copias
1669 2386 1689 2417 9

285 2553 296 2574 ¹
330 2552 417 2586 iam.
578 2552 597 2577 ²
628 2553 702 2586 hoc
731 2553 996 2586 consilium
1025 2553 1113 2598 regi.
1267 2551 1285 2581 3
1315 2562 1405 2586 esse.
1543 2554 1565 2581 4
1589 2559 1636 2584 et.
1696 2581 1703 2607 ἑ

371 2609 389 2634 5
419 2607 642 2651 periculum.
758 2607 777 2631 ⁶
804 2607 930 2639 vocar-i
1050 2607 1066 2631 7
1095 2606 1292 2639 suaserint.
1413 2607 1430 2633 8
1456 2605 1636 2639 nuntiari.
1688 2609 1703 2771 1

1691 2790 1703 2961 l
