1703 2961
404 116 485 157 DE
520 114 727 156 GESTrs
768 112 926 154 xij-fix.
963 111 1053 162 Vn,
1085 111 1153 154 39.
1375 111 1458 152 2459

98 229 338 274 maioribus
365 228 452 271 suis
482 228 692 275 redditos,
714 225 947 267 honestam
969 230 1176 272 mortem,
1207 239 1341 282 quam
1370 223 1460 265 for-‘

100 311 163 345 tes
190 302 266 343 viri
299 309 402 342 voto
441 314 618 358 quoque
659 305 927 354 expeterent,
962 298 1232 341 carminibus
1272 298 1334 338 sui
1366 313 1461 339 mo-

49 392 65 418 7
99 375 154 416 ris
191 374 442 430 laetitiaque
492 373 726 415 celebrare.
804 372 922 412 'l'um
963 385 1048 420 rex,
1083 373 1253 435 Quaero
1301 374 1460 425 itaque,

98 464 154 488 an
182 449 334 487 vivere
367 447 518 486 velitis
543 461 627 486 non
658 446 828 485 inimici
859 446 977 492 mihi,
1009 446 1131 485 cuius
1160 444 1366 502 beneficio
1403 447 1463 484 vi-

47 532 65 560 8
96 524 211 562 ecurt
240 523 372 561 escis?
441 518 514 564 llli‚
551 532 778 574 nunquam
822 531 866 557 se
902 516 1104 558 inimicos
1140 516 1286 557 hosti¹
1330 517 1462 558 fuisse

96 593 380 649 respondent.
447 589 491 631 Si
542 589 636 646 quis
682 589 799 645 ipsos
847 587 1085 639 beneficio,
1124 603 1258 646 quam
1306 588 1462 630 iniuria

99 665 283 722 experiri
329 663 571 711 maluisset,
615 669 861 702 certaturos
902 660 1047 709 fuisse,
1089 677 1144 703 ne
1181 662 1465 703 vincerentur

43 749 67 778 9
101 735 260 778 officio.
327 734 728 790 lnterrogatique,2
771 749 860 792 quo
900 733 1084 791 pignore
1129 732 1262 774 fidem
1303 734 1466 787 obliga-

98 808 185 851 turi
213 809 379 849 essent?
409 807 564 855 vitam,
605 822 736 863 quam
770 806 1035 862 acciperent,
1065 806 1235 862 pignori
1266 805 1465 847 futuram

100 896 190 923 esse
223 880 449 922 dixerunt:
489 879 750 927 reddituros,
782 880 1053 936 quandoque
1085 880 1325 936 repetisset.
1369 880 1464 921 Nec

97 953 366 1010 promissum
404 951 666 993 fefellerunt.
734 951 848 992 Nam
895 951 968 1008 qui
1008 952 1176 993 remissi
1221 952 1378 993 domos
1410 952 1467 993 ies

97 1033 210 1075 rant,
251 1024 371 1066 fide³
414 1025 671 1066 continuere
713 1024 965 1080 populares;
997 1031 1220 1080 quattuor,
1250 1023 1365 1064 inter
1395 1041 1468 1065 cu-

65 1088 66 1091 *
99 1098 246 1139 stodes
286 1096 485 1153 corporis
534 1096 708 1147 retenti,
747 1096 852 1137 nulli
895 1096 1199 1137 Macedonum
1234 1095 1282 1137 in
1319 1111 1469 1154 regem

43 1196 45 1199 ·
102 1170 282 1212 caritate
313 1175 547 1210 cesserunt.
821 1165 824 1168 ’

38 1228 90 1293 io
181 1243 232 1283 In
271 1240 501 1298 Sogdianis
553 1240 774 1280 Peucolao
819 1254 921 1281 cum
960 1239 1098 1280 tribus
1135 1239 1311 1282 milibus
1347 1239 1530 1301 pedi-40

100 1323 196 1356 tum
221 1316 382 1370 (neque
406 1313 524 1352 enim
551 1311 709 1351 maiori
749 1312 967 1367 praesidio
1005 1312 1257 1367 indigebat)
1298 1313 1468 1364 relicto,

100 1387 261 1428 Bactra
302 1383 514 1441 pervenit.
581 1383 690 1424 Inde
731 1384 914 1424 Bessum
945 1384 1173 1426 Ecbatana
1204 1384 1305 1426 duci
1335 1385 1469 1438 iussit,

43 1457 337 1500 11interfecto
369 1455 517 1496 Dareo
545 1470 709 1511 poenas
738 1457 878 1510 capite
907 1456 1251 1513 persoluturum.
1303 1457 1470 1499 Iisdem

103 1529 195 1570 fere
227 1527 378 1569 diebus
416 1527 692 1569 Ptolemaeus
735 1535 779 1569 et
813 1528 1015 1570 Menidas
1043 1528 1245 1585 peditum
1278 1529 1360 1571 tria
1393 1531 1472 1572 mi-

104 1602 158 1643 lia
191 1608 234 1641 et
262 1600 428 1656 equites
467 1599 585 1640 mille
626 1601 916 1649 adduxerunt,
945 1601 1152 1642 mercede
1191 1602 1468 1644 militaturos.

43 1673 350 1715 12Alexander
387 1687 564 1729 quoque
603 1688 653 1713 cx
688 1673 821 1730 Lycia
863 1690 965 1715 cum
1005 1674 1099 1730 pari
1133 1688 1320 1715 numero
1354 1675 1474 1730 pedi-

104 1754 202 1788 tum
234 1752 277 1786 et
305 1758 334 1786 1)
370 1744 586 1802 equitibus
625 1745 756 1786 venit.
816 1746 1027 1799 Totidem
1054 1749 1137 1785 ex4
1171 1745 1295 1802 Syria
1325 1747 1475 1788 Ascle-

104 1819 344 1877 piodorum
374 1817 689 1874 sequebantur:
717 1817 952 1874 Antipater
982 1816 1259 1859 Graecorum
1288 1831 1363 1858 vm
1394 1819 1474 1859 mi-

47 1892 172 1942 131ia‚
205 1892 250 1932 in
281 1890 376 1948 quis
412 1901 469 1929 DC
491 1891 504 1916 ⁵
554 1889 720 1946 equites
752 1897 887 1938 erant,
920 1889 1112 1931 miserat.
1170 1893 1326 1948 Itaque
1357 1907 1475 1941 exer-

108 1964 197 2006 citu
224 1971 368 2012 aucto,
400 1961 455 2002 ad
481 1977 542 2011 ea,
575 1977 685 2018 quae
715 1962 964 2004 defectione
985 1963 1160 2003 turbata
1194 1956 1330 2013 erant,
1355 1954 1475 2006 com*

69 2035 73 2038 ’
106 2036 312 2093 ponenda
351 2034 588 2090 processit,
629 2033 956 2092 interfectisque
1000 2035 1368 2078 consternationis
1401 2052 1476 2086 au-

108 2107 316 2156 ctoribus,
347 2113 506 2162 quarto
540 2106 608 2146 die
641 2106 695 2147 ad
727 2106 894 2148 flumen
927 2107 1075 2148 Oxum
1103 2115 1366 2164 perventum
1399 2118 1473 2154 est.

107 2179 204 2225 Hic,
244 2177 343 2235 quia
385 2178 541 2219 limum
580 2177 720 2229 vehit,
759 2179 962 2220 turbidus
999 2195 1194 2236 semper,
1243 2180 1474 2222 insalubris

52 2258 188 2298 mest,
227 2250 405 2308 potui.6
481 2252 634 2308 Itaque
674 2258 831 2307 puteos
877 2252 1000 2293 miles
1048 2259 1256 2309 coeperat
1303 2252 1473 2312 fodere.

103 2323 200 2365 Nec
242 2330 393 2365 tamen
430 2323 570 2365 humo
607 2323 689 2364 alte
729 2331 871 2380 egesta
917 2325 1128 2366 existebat
1153 2324 1340 2377 humor3
1370 2333 1474 2368 cum

107 2510 124 2533 1
150 2509 326 2542 inimicos
356 2511 412 2553 ei,
436 2511 519 2544 sed
553 2511 693 2556 bello
718 2511 998 2547 lacessitos
1024 2513 1166 2548 hostes.
1261 2516 1281 2540 2
1306 2516 1472 2550 interro-

196 2564 392 2609 gantique.
631 2565 651 2594 3
679 2566 721 2599 in
753 2564 842 2601 fide.
1078 2571 1102 2602 4
1129 2580 1162 2604 e.
1385 2572 1405 2600 5
1430 2584 1471 2608 n.

196 2617 217 2642 6
241 2624 285 2651 et
317 2618 520 2653 insalubris
547 2626 602 2653 est
625 2627 732 2665 potu.
