1703 2961
219 156 304 198 286
686 154 743 211 Q.
778 153 982 198 CURTu
1009 156 1150 199 num

220 268 490 311 iacerentur:
513 266 678 323 quippe
709 267 823 310 rami
850 266 1014 310 fronde
1039 268 1179 310 vestiti
1211 268 1496 326 impedissent
1521 267 1582 309 fe-

220 347 377 382 rentes.
439 339 535 395 Ipse
571 339 740 395 primus
772 347 976 382 truncam
1009 340 1216 382 arborem
1237 340 1363 390 iecit;
1396 340 1585 382 clamor-

220 428 306 469 que
345 410 570 460 exercitus,
610 411 739 453 index
769 412 1017 461 alacritatis,
1046 419 1220 454 secutus
1251 419 1328 461 est,
1359 412 1480 454 nullo
1512 412 1584 454 de-

220 491 439 526 trectante
468 498 642 533 munus,
672 484 792 540 quod
830 498 903 526 rex
932 484 1242 540 occupavisset.
1261 489 1275 511 ¹

156 559 212 602 40
302 556 421 597 Intra
461 555 699 611 septimum
737 555 855 597 diem
899 572 1105 599 cavernas
1147 556 1442 612 expleverant,
1484 569 1586 597 cum
1619 569 1637 597 9

221 643 295 669 rex
326 626 570 682 sagittarios
597 635 641 669 et
667 627 882 685 Agrianos
911 629 1032 670 iubet
1059 643 1140 686 per
1169 629 1302 670 ardua
1332 628 1427 669 niti.
1467 628 1587 668 Iuve-

220 713 384 755 nesque
407 699 760 755 promptissimos
791 715 841 741 ex
868 716 944 742 sua
974 700 1160 743 cohorte
1185 714 1266 742 xxx
1282 699 1448 756 delegit.
1494 699 1647 740 Du-xo
1681 688 1685 706 ⁶

223 787 294 814 ces
320 771 387 812 his
418 771 507 812 dati
551 778 654 811 sunt
679 770 853 813 Charus
885 780 929 814 et
955 772 1211 823 Alexander,
1242 787 1374 829 quem
1404 786 1483 811 rex
1511 785 1588 811 no·
1682 762 1686 827 ζ

222 842 364 893 minis,
406 842 526 900 quod
565 842 646 883 sibi
686 858 788 884 cum
827 859 879 885 eo
913 859 1152 886 commune
1191 852 1313 894 esset,
1344 841 1588 884 admonuit.
1684 850 1686 854 ’

219 917 285 958 Ac
315 915 477 972 primo,
507 914 608 971 quia
630 921 723 955 tam
744 915 1026 957 manifestum
1040 915 1285 972 periculum
1306 921 1412 964 erat,
1442 915 1588 970 ipsum

221 1003 370 1044 regem
404 986 640 1028 discrimen
679 987 824 1029 subire
865 1003 957 1028 non
991 988 1174 1044 placuit:
1209 988 1285 1028 sed
1323 994 1373 1027 ut
1415 987 1584 1042 signum
1603 1000 1645 1022 11

221 1061 330 1102 tuba
365 1059 519 1100 datum
560 1065 636 1108 est,
664 1058 729 1099 vir
758 1059 968 1100 audaciae
999 1067 1233 1116 promptae
1266 1074 1500 1101 conversus
1531 1057 1585 1098 ad

224 1131 424 1188 corporis
466 1130 670 1173 custodes
708 1131 829 1186 sequi
868 1146 912 1171 se
950 1131 1092 1181 iubet,
1132 1131 1388 1188 primusque
1421 1129 1589 1172 invadit

222 1207 268 1247 in
298 1219 470 1261 rupem.
524 1203 619 1244 Nec
653 1202 809 1243 deinde
849 1203 1078 1260 quisquam
1105 1203 1407 1245 Macedonum
1435 1200 1589 1243 substi-

219 1278 288 1325 tit,
320 1275 568 1330 relictisque
595 1274 852 1315 stationibus
881 1290 956 1315 sua
985 1282 1141 1331 sponte
1161 1284 1318 1332 'regem
1348 1274 1588 1330 sequeban-

219 1359 304 1391 tur.
366 1347 615 1388 Multorum
649 1345 908 1387 miserabilis
947 1345 1030 1387 fuit
1072 1362 1205 1397 casus,
1242 1362 1351 1404 quos
1384 1361 1434 1386 ex
1464 1359 1650 1400 prae-12

219 1428 350 1478 rupta
389 1434 498 1475 rupe
538 1418 682 1474 lapsos
722 1418 862 1459 amnis
900 1419 1218 1475 praeterfluens
1255 1417 1424 1467 hausit,
1465 1417 1588 1457 triste

220 1491 524 1553 spectaculum
553 1490 688 1531 etiam
718 1506 811 1531 non
832 1491 1200 1547 periclitantibus3
1235 1506 1338 1533 cum
1364 1504 1467 1531 vero
1493 1488 1589 1530 alie·

222 1582 282 1608 no
317 1564 461 1611 exitio,
502 1562 608 1619 quid
647 1562 745 1617 ipsis
787 1563 1037 1603 timendum
1067 1562 1196 1614 foret,
1229 1563 1590 1607 admonerentur,
1687 1549 1692 1577 1

221 1639 267 1679 in
293 1644 463 1677 metum
504 1634 805 1676 misericordia
840 1650 984 1685 versa,
1023 1651 1115 1677 non
1142 1635 1376 1684 extinctos,
1416 1633 1490 1674 sed
1529 1647 1590 1673 se-
1688 1664 1693 1692 ἲ

221 1709 430 1764 metipsos
470 1707 705 1747 deflebant.
753 1707 812 1746 lit
844 1707 931 1747 iam
961 1723 1014 1748 eo
1042 1715 1304 1765 perventum
1334 1714 1440 1757 erat,
1473 1704 1589 1746 unde
1609 1721 1652 1748 13

222 1781 314 1823 sine
344 1778 538 1836 pernicie
581 1779 660 1820 nisi
701 1778 890 1820 victores
923 1780 1065 1820 redire
1096 1796 1187 1820 non
1217 1786 1408 1836 possent,
1443 1778 1590 1833 ingen-

221 1854 281 1895 tia
330 1867 429 1893 saxa
483 1851 526 1890 in
565 1851 800 1892 subeuntes
839 1852 1198 1907 provolventibus
1238 1849 1456 1899 barbaris,
1496 1849 1590 1906 quis

221 1924 409 1983 perculsi
451 1923 639 1963 instabili
681 1930 724 1964 et
763 1924 932 1965 lubrico
967 1924 1104 1980 gradu
1135 1923 1396 1981 praecipites
1426 1922 1592 1963 recide-
1691 1964 1693 1971 ,

223 1998 346 2039 bant.
417 1995 658 2036 Evaserant
693 2003 845 2036 tamen
885 1996 1131 2037 Alexander
1169 2003 1212 2036 et
1244 1996 1438 2041 Charus,
1482 2009 1592 2051 quos
1611 2012 1655 2035 ιιι
1692 1992 1695 2040 1,

226 2085 330 2111 cum
370 2080 453 2108 xxx
493 2067 670 2109 delectis
717 2068 1004 2124 praemiserat
1044 2083 1136 2117 rex,
1188 2076 1231 2108 et
1268 2067 1356 2108 iam
1394 2082 1589 2124 pugnare

227 2140 429 2183 cominus
456 2147 715 2195 coeperant3
747 2140 822 2181 sed
854 2155 956 2181 cum
988 2155 1175 2196 superne
1208 2140 1290 2181 tela
1321 2139 1495 2181 barbari
1529 2139 1591 2179 in-

226 2219 441 2269 gererent,
485 2211 655 2267 saepius
692 2212 772 2267 ipsi
810 2212 1096 2263 feriebantur,
1129 2228 1262 2269 quam
1288 2212 1590 2253 vulnerabant.
1692 2214 1695 2250 i

225 2284 343 2339 Ergo
382 2283 638 2333 Alexander,
677 2292 721 2324 et
758 2284 950 2325 nominis
987 2285 1049 2325 sui
1087 2292 1129 2326 et
1164 2284 1365 2341 promissi
1406 2297 1654 2332 memor,1s
1692 2269 1696 2304 1

228 2354 336 2395 dum
374 2354 516 2395 acrius
553 2371 687 2411 quam
719 2356 887 2397 cautius
919 2356 1108 2406 dimicat,
1140 2357 1365 2398 confossus
1396 2356 1590 2411 undique
1693 2370 1696 2386 ¹

229 2427 446 2467 obruitur.
500 2427 647 2481 Quem
679 2435 726 2468 ut
745 2428 917 2470 Charus
946 2428 1165 2470 iacentem
1197 2429 1435 2484 conspexit,
1462 2438 1651 2468 ruerem
1693 2430 1697 2487 ᾗ

225 2498 273 2539 in
302 2498 490 2550 hostem,
523 2500 725 2542 omnium
757 2508 932 2557 praeter
963 2501 1177 2543 ultionem
1208 2501 1462 2550 immemor,
1496 2516 1594 2542 coe-

1543 2621 1560 2644 l

231 2659 250 2684 1
278 2667 516 2705 occupasset.
611 2697 616 2702 ¹
1693 2642 1703 2694 1
