1703 2961
406 108 489 151 DE
521 107 729 150 GESTIS
755 107 922 149 ALEX.
955 107 1028 159 Vl,
1054 109 1118 154 27.
1373 111 1452 156 179

52 256 55 260 Α
91 221 299 271 lacrimis,
343 219 460 263 hanc
497 220 577 262 sibi
617 234 641 261 a
679 218 902 261 carissimo
942 221 1169 277 quondam
1200 220 1448 266 amicorum

30 313 77 344 29
92 295 269 337 relatam
297 293 481 349 gratiam
510 291 787 349 querebatur.
826 291 944 332 Inter
975 289 1084 334 haec
1107 293 1309 344 Dimnus,
1327 294 1443 338 haud

90 367 259 422 ignarus
290 379 422 421 quarn
464 363 520 405 ob
555 377 732 405 eausam
764 369 1064 404 accerseretur
1092 380 1113 404 a
1145 379 1255 420 rege,
1288 367 1442 418 gladio,

0 434 5 468 Ι
88 452 174 494 quo
213 435 327 476 sorte
367 442 459 477 erat
497 436 674 484 cinctus,
707 432 895 490 graviter
922 450 966 475 se
998 434 1208 484 vulnerat,
1242 453 1444 481 occursu-

30 523 171 565 30que
199 507 432 549 satellitum
470 507 691 556 inhibitus,
731 504 952 562 perfertur
982 505 1025 546 in
1057 507 1233 563 regiam.
1295 509 1440 564 Quem

3 602 6 633 Ι
86 579 257 620 intuens
293 593 378 628 rex,
423 581 566 644 Quod,
606 577 759 634 inquit,
808 580 854 619 in
882 588 938 627 ce,
970 580 1148 626 Bimae,
1179 590 1350 622 cantum
1378 600 1442 626 co-

3 646 9 724 l¹
83 654 231 707 gitavi
261 648 399 710 nefas,
431 663 480 694 uc
509 653 594 693 cibi
618 652 904 692 ,Macedonum
933 667 1062 706 reguo
1090 654 1268 706 dignior·
1292 657 1441 697 Philo-

0 752 8 776 χ·
83 737 154 768 tas
193 742 257 766 me
295 741 461 781 quoque
501 727 599 778 ipso
634 725 884 765 videretur?
943 724 1068 764 lllum
1101 724 1188 765 iam
1219 725 1441 769 defecerat

0 778 10 849 l
83 813 175 841 vox.
235 798 385 854 ltaque
416 796 534 838 edito
562 794 738 853 gemitu,
773 795 982 853 vultuque
1013 811 1037 837 a
1070 807 1305 854 conspectu
1331 801 1440 857 regis

0 880 1 883 ’
83 884 244 918 averso,
276 868 459 910 subinde
490 868 701 923 collapsus
732 867 1006 923 extinguitur.

23 959 67 988 31
158 942 260 990 Rex,
302 939 471 981 Philota
502 939 648 979 venire
681 938 723 979 in
752 940 915 995 regiam
945 940 1074 991 iusso,
1109 943 1346 992 Cebalinus,
1375 944 1499 987 irs-25

0 1024 9 1041 ’·
82 1014 185 1071 quit,
220 1016 417 1055 ultimum
458 1013 721 1066 supplicium
757 1014 948 1060 meritus,
986 1016 1028 1053 si
1067 1016 1113 1055 ἰη
1144 1026 1275 1069 capul:
1304 1033 1439 1058 meum

79 1099 365 1143 praeparatas
403 1087 591 1127 insidias
623 1085 754 1126 biduo
793 1087 923 1133 texit,
954 1086 1080 1126 huius
1110 1089 1304 1129 criminis
1334 1092 1437 1132 Phi-

79 1163 201 1203 lotan
228 1175 343 1201 reum
359 1165 372 1184 ¹
407 1159 648 1206 substituit,
675 1157 736 1196 ad
760 1172 881 1213 quem
908 1160 1110 1212 protinus
1133 1159 1339 1203 indicium
1368 1165 1440 1204 de-

80 1235 232 1289 tulisse
266 1250 310 1274 se
350 1230 563 1292 affirmat.
633 1230 732 1289 Quo
784 1233 992 1285 propiore
1028 1233 1169 1284 gradu
1215 1237 1438 1276 amiciciae

79 1323 143 1347 me
173 1309 404 1360 contingis,
437 1308 517 1347 hoc
555 1305 695 1343 maius
729 1314 797 1345 esc
835 1305 1202 1346 dissimulationis
1243 1317 1342 1348 cuae
1363 1307 1438 1365 fa-

19 1383 215 1426 gacinus,
257 1389 302 1419 ec
340 1393 418 1431 ego
458 1377 660 1419 Cebalino
701 1378 840 1430 magis
875 1391 1000 1432 quam
1030 1378 1237 1419 Philotae
1267 1381 1317 1420 id
1343 1397 1439 1423 con-

79 1455 226 1494 venire
242 1448 414 1508 fateor.
479 1454 716 1491 Faventem
744 1450 872 1490 habes
907 1452 1108 1500 iudicem,
1137 1454 1191 1500 si,
1219 1455 1336 1508 quod
1365 1457 1437 1494 ad-

19 1535 66 1565 33
81 1527 202 1566 micci
227 1540 309 1566 non
346 1525 556 1575 oportuit,
593 1522 748 1562 sulcem
785 1525 939 1576 negari
967 1532 1129 1577 potest.
1188 1523 1258 1564 Ad
1287 1523 1435 1568 haec²

78 1598 272 1639 Philotas
295 1595 414 1635 haud
447 1609 549 1635 sane
586 1594 795 1650 trepidus,
831 1594 864 1634 si
893 1593 1065 1636 animus
1088 1594 1210 1635 vultu
1240 1596 1438 1639 aestima-

78 1676 210 1717 retur,
240 1665 502 1709 Cebalinum
531 1666 708 1723 quidem
748 1666 880 1708 scorti
918 1679 1170 1706 sermonem
1211 1667 1266 1708 ad
1294 1683 1338 1710 se
1366 1669 1438 1711 de-

76 1742 234 1790 tulisse,
265 1739 339 1781 sed
368 1739 513 1794 ipsum
539 1745 632 1779 tam
661 1738 741 1779 levi
768 1737 936 1779 auctori
964 1736 1071 1778 nihil
1097 1736 1343 1787 credidisse,
1373 1756 1439 1782 re-

80 1812 267 1870 spondit,
306 1810 508 1859 veritum,
548 1826 603 1851 ne
631 1809 820 1866 iurgium
849 1809 962 1850 inter
991 1816 1237 1852 amatorem
1267 1818 1312 1853 et
1341 1828 1437 1856 exo-

48 1885 218 1930 4letum
232 1898 322 1925 non
340 1882 429 1924 sine
448 1882 535 1923 risu
560 1882 747 1923 aliorum
769 1882 1012 1923 detulisset:
1043 1897 1145 1923 cum
1166 1882 1356 1925 Dimnus
1377 1885 1439 1925 in-

53 1986 61 1995 .
81 1955 307 1998 teremerit
342 1955 525 2004 semet,³
571 1954 887 2011 qualiacunque
925 1960 1061 2003 erant,
1093 1969 1185 1995 non
1211 1953 1342 1995 fuisse
1372 1969 1437 1997 re-

81 2028 271 2070 ticenda.
333 2026 685 2084 Complexusque
722 2040 870 2083 regem
899 2025 1211 2082 orare‘coepit‚
1238 2033 1288 2068 ut
1314 2040 1437 2083 prae-

82 2100 262 2141 teritam
298 2099 433 2141 vitam
472 2098 635 2153 potius,
674 2113 807 2155 quam
848 2097 1047 2154 culpam,
1086 2097 1242 2139 silentii
1275 2105 1436 2149 tamen,

30 2193 72 2222 35
86 2187 176 2212 non
202 2171 307 2212 facti
334 2170 471 2219 ullius,
501 2170 757 2215 intueretur.
804 2169 936 2211 Haud
965 2168 1093 2210 facile
1124 2168 1316 2220 dixerim,
1348 2185 1438 2212 cre-

84 2242 296 2284 dideritne
328 2241 366 2283 ei
395 2256 480 2289 rex,
513 2257 569 2283 an
596 2242 722 2284 altius
749 2242 862 2284 iram
891 2240 1199 2297 suppresserit:
1241 2241 1439 2284 dextram

84 2314 387 2356 reconciliatae
427 2314 590 2371 gratiae
630 2314 786 2372 pignus
832 2312 1015 2364 obtulit,
1051 2319 1096 2353 et
1130 2320 1438 2370 contemptum

85 2384 233 2440 magis,
266 2401 398 2442 quam
427 2386 618 2429 celatum
645 2387 859 2430 indicium
888 2400 990 2437 esse,
1026 2384 1163 2428 videri
1202 2384 1282 2428 sibi
1320 2386 1435 2430 dixit.

87 2600 107 2626 ¹
132 2611 240 2636 reum
266 2602 467 2641 Philotam.
669 2604 691 2631 ²
714 2604 804 2640 hoc.
1005 2605 1026 2637 3
1058 2616 1098 2639 se
1124 2605 1261 2651 ipsum.

1075 2667 1180 2709 M2
