1703 2961
217 64 271 110 72
667 66 725 122 Q.
757 66 965 111 CUR‘rn
995 67 1135 111 RUFI

223 191 432 232 sponsum
482 178 666 233 petitur,
715 179 886 236 navigio
927 187 1081 223 aurato
1119 187 1290 237 gestant
1322 183 1584 236 sacerdotes,·
1670 165 1674 239 i

227 247 374 289 multis
404 251 617 306 argenteis
646 250 807 308 pateris
839 252 892 293 ab
925 259 1114 310 utroque
1132 253 1287 310 navigii
1316 254 1452 297 latere
1481 271 1588 312 pen-

231 318 451 363 dentibus:
483 330 725 379 sequuntur
753 330 982 366 matronae
1012 324 1298 383 virginesque,
1328 327 1471 383 patrio
1493 341 1588 368 mo·

230 403 278 434 re
303 391 582 440 inconditum
613 395 841 452 quoddam
861 411 1041 439 carmen
1073 405 1292 448 canentes,
1324 414 1412 455 quo
1441 398 1590 456 propi-

232 460 329 507 tiari
367 465 517 508 Iovem
556 468 754 518 credunt,
782 476 831 510 ut
863 478 1033 512 certum
1062 471 1161 512 edat
1190 470 1432 512 oraculum.

169 538 222 579 32
346 538 411 578 Ae
430 539 441 560 ¹
475 545 569 581 tum
589 539 768 595 quidem
781 555 925 597 regem
937 542 1116 599 propius
1131 543 1592 585 adeuntemmaximus
1607 558 1652 586 2⁵
1678 562 1680 566 ·

233 615 341 654 natu
364 625 387 650 e
416 610 715 653 sacerdotibus
733 610 869 654 filium
882 613 1083 670 appellat,
1097 613 1183 656 hoc
1196 629 1361 656 nomen
1374 614 1595 672 illiparen-

236 687 326 720 tvm
361 683 508 723 Iovem
544 682 728 724 reddere
770 682 1005 727 affirmans.
1075 685 1149 728 Ille
1192 701 1236 727 se
1279 701 1383 728 vero
1413 694 1458 728 et
1486 687 1598 729 acci·
1682 739 1683 742 Ἴ

235 766 339 806 pere
369 752 438 801 ait,
463 756 482 783 ²
517 760 561 795 et
592 769 839 810 agnoscere,
865 755 1086 798 humanae
1102 758 1230 799 sortis
1260 758 1430 800 oblitus.
1480 758 1685 802 Con-26·

237 823 368 866 suluit
409 825 582 873 deinde,
618 841 675 868 an
710 828 845 869 totius
879 829 996 870 orbis
1022 829 1259 886 imperium
1287 829 1386 871 fatis
1415 830 1494 872 sibi
1528 831 1600 873 de·
1657 863 1685 878 A<

237 896 420 940 stinaret
464 899 614 954 pater?
659 899 812 956 Aeque
837 899 853 926 ³
902 900 946 943 in
976 900 1276 944 adulationem
1317 902 1601 958 compositus,

239 974 459 1011 terrarum
488 969 690 1013 omnium
717 980 939 1015 rectorem
972 973 1069 1017 sore
1102 973 1304 1015 ostendit,
1361 973 1467 1014 Post
1494 972 1660 1017 haec2²

241 1041 396 1085 institit
410 1058 635 1099 quaerere,
655 1059 710 1085 an
725 1059 879 1087 omnes
902 1046 1092 1103 parentis
1107 1046 1169 1087 sui
1184 1044 1488 1087 interfectores
1501 1060 1606 1102 poe-

243 1129 321 1156 nas
360 1115 591 1159 dedissent.
660 1116 876 1160 Sacerdos
918 1126 1148 1175 parentem
1192 1117 1283 1159 eius
1321 1125 1451 1175 negat
1479 1117 1606 1159 ullius

243 1187 405 1229 scelere
442 1203 569 1245 posse
605 1187 779 1238 violari,
817 1190 1006 1247 Philippi
1049 1198 1199 1232 autem
1237 1204 1391 1232 omnes
1414 1192 1436 1217 ⁴
1474 1189 1602 1230 luisse
1619 1200 1666 1249 29

243 1259 477 1316 supplicia:
517 1261 686 1311 adiecit,
728 1261 942 1305 invictum
979 1263 1085 1313 fore,
1117 1262 1259 1304 donec
1291 1261 1521 1304 excederet
1553 1261 1609 1303 ad

245 1331 363 1373 deos.
428 1333 653 1376 Sacrificio
693 1334 851 1378 deinde
885 1335 1025 1386 facto,
1065 1335 1182 1376 dona
1222 1341 1267 1376 et
1305 1333 1610 1376 sacerdotibus

245 1411 290 1445 et
321 1404 404 1446 deo
437 1405 539 1449 data
572 1413 684 1455 sunt,
720 1407 1071 1464 permissumque
1109 1405 1274 1457 amicis,
1315 1413 1366 1447 ut
1394 1405 1475 1463 ipsi
1505 1419 1613 1463 quo-

245 1491 331 1534 que
359 1476 640 1520 consulerent
669 1479 832 1521 Iovem,
885 1479 1006 1521 Nihil
1046 1478 1232 1535 amplius
1272 1476 1565 1535 quaesierunt,
1590 1477 1607 1506 ⁵
1693 1494 1703 1557 ,Ι

244 1565 381 1607 quam
420 1565 475 1591 an
516 1558 674 1593 auctor
711 1558 822 1593 esset
857 1551 937 1592 sibi
977 1550 1132 1592 divinis
1161 1549 1407 1592 honoribus
1439 1546 1613 1590 colendi

246 1638 374 1664 suum
411 1625 588 1679 regem?
629 1626 725 1666 Hoc
765 1639 943 1681 quoque
978 1628 1214 1677 acceptum
1245 1620 1341 1661 fore
1371 1619 1462 1664 Iovi
1493 1627 1613 1662 vates
1695 1645 1697 1657 ‹

246 1694 495 1751 respondet.
521 1696 541 1720 ⁶
610 1696 725 1737 Vera
765 1703 809 1736 et
846 1694 1005 1736 salubri
1045 1692 1346 1735 aestimatione
1386 1690 1491 1734 fides
1520 1673 1699 1743 ora-2932

248 1768 333 1810 culi
372 1783 482 1809 vana
522 1769 725 1824 proiecto
755 1767 792 1809 ei
819 1766 953 1808 videri
994 1765 1226 1822 potuisset:
1252 1768 1271 1791 ⁷
1313 1764 1388 1806 sed
1421 1763 1615 1814 fortuna,
1696 1767 1699 1787 ¹

247 1856 358 1899 quos
400 1839 474 1883 uni
513 1839 594 1881 sibi
633 1839 812 1882 credere
849 1838 1014 1894 coegit,
1043 1852 1201 1895 magna
1234 1843 1435 1891 exparte
1467 1837 1616 1880 avidos

246 1912 408 1971 gloriae
439 1911 588 1967 magis,
616 1927 751 1968 quam
783 1926 965 1967 capaces
994 1910 1114 1953 facit.
1171 1909 1285 1951 Iovis
1317 1909 1447 1964 igitur
1477 1907 1614 1951 filium
1632 1915 1701 1958 30}

248 2001 293 2028 se
328 2000 421 2027 non
457 1983 600 2026 solum
642 1982 849 2040 appellari
893 1997 1044 2039 passus
1081 1989 1167 2030 est,
1203 1981 1280 2025 sed
1318 1980 1452 2022 etiam
1485 1980 1619 2032 iussit,

249 2071 488 2114 rerumque
524 2063 746 2112 gestarum
783 2054 964 2105 famam,
985 2094 988 2098 .
1008 2054 1116 2097 dum
1144 2068 1301 2110 augere
1326 2052 1417 2096 vult
1442 2053 1514 2097 tali
1545 2068 1620 2110 ap-

252 2248 268 2276 1
298 2254 346 2281 at.
535 2244 554 2270 2
580 2254 621 2278 se
647 2255 736 2278 vero
765 2244 820 2277 ait
844 2250 880 2277 et
905 2244 1095 2290 accipere.
1267 2242 1286 2272 3
1316 2241 1456 2277 Vates
1483 2252 1618 2288 aeque.

340 2301 362 2330 4
388 2297 578 2332 adiicitur
605 2298 883 2332 interfectores.
957 2299 976 2327 5
1004 2297 1285 2343 quaesiverunt.
1361 2296 1382 2322 6
1407 2296 1620 2342 respondit.

345 2354 444 2388 Tum
482 2350 673 2387 additur:
714 2358 756 2386 ut
793 2352 866 2398 ipsi
908 2352 1093 2386 victorem
1136 2363 1263 2398 regem
1301 2349 1435 2383 divino
1470 2349 1623 2383 honore

344 2406 528 2442 colerent.
735 2406 752 2434 7
795 2405 921 2452 Vulgo
954 2408 1029 2440 sic:
1063 2406 1163 2439 Vere
1201 2412 1238 2438 et
1275 2404 1476 2438 salubriter
1513 2403 1622 2436 aesti-

342 2461 463 2496 manti
480 2458 598 2495 fidem
624 2460 771 2494 oraculi
796 2470 897 2494 vana
920 2459 1097 2506 profecto
1121 2469 1307 2505 responsa
1332 2458 1454 2492 videri
1477 2457 1622 2504 potuis-

341 2522 437 2550 sent.
478 2512 595 2547 codd.
633 2524 765 2548 cetera
794 2522 837 2548 ue
873 2512 1079 2556 edidimus,
1106 2512 1176 2548 sed
1199 2522 1381 2546 extrema
1402 2514 1479 2547 sic:
1506 2511 1623 2545 fidem

341 2568 487 2605 oraculi
513 2579 611 2602 vana
639 2568 737 2614 prof.
771 2579 1018 2614 responsa
1045 2568 1074 2601 si
1100 2567 1175 2601 vid.
1200 2567 1426 2613 potuissent.
