1703 2961
240 198 323 244 242
698 189 753 246 Q.
777 186 982 233 CURTH
1008 183 1150 228 mm

245 312 562 356 circumvectus
599 311 792 360 petram,
827 313 913 358 qua
955 297 1139 340 minime
1179 307 1303 350 asper
1343 305 1396 334 ac
1425 303 1604 348 praeru-

246 391 347 442 ptus
377 381 519 423 aditus
547 376 790 422 videbatur,
820 369 1011 414 secunda
1042 367 1194 425 vigilia,
1225 364 1345 422 quod
1371 364 1482 405 bene
1513 375 1607 401 ver-

249 461 372 504 teret,
391 449 558 510 ingredi
588 449 721 490 iubet.
766 444 845 492 lili,
875 440 1089 484 alimentis
1119 439 1162 480 in
1191 438 1377 480 biduum
1405 433 1605 490 sumptis,

251 525 400 585 gladiis
436 521 573 564 modo
615 525 746 576 atque
788 514 920 557 hastis
957 511 1113 554 armati
1158 509 1303 552 subire
1352 510 1607 563 coeperunt.
1667 516 1669 519 ·

251 600 317 642 Ac
330 596 475 654 primo
499 592 682 651 pedibus
710 586 885 646 ingressi
905 591 1026 627 sunt:
1057 582 1216 625 deinde
1237 586 1286 621 ut
1312 577 1357 619 in
1375 582 1613 634 praerupta
1630 592 1694 628 ις,

253 674 514 727 perventum
557 671 633 715 est,
673 660 742 703 alii
771 658 974 701 manibus
1002 653 1240 698 eminentia
1271 665 1370 693 saxa
1397 646 1613 704 complexi

257 742 429 783 levare⁸
474 743 634 785 semet;
673 733 742 776 alii
783 729 962 772 adiectis
996 727 1168 769 [unium
1214 722 1381 780 laqueis
1426 733 1612 766 evasere,

262 826 364 855 cum
401 823 564 853 cuneos
599 807 714 848 inter
760 817 857 844 saxa
903 798 1166 855 defigerent,
1226 795 1384 853 gradus
1431 791 1615 834 subinde

261 882 392 942 quis²
437 879 699 922 insisterent.
769 872 903 915 Diem
948 871 1064 912 inter
1114 876 1285 911 metum
1330 865 1619 920 laboremque

262 956 657 1009 comsumpserunt.
716 947 801 988 Per
831 957 982 1000 aspera
1012 941 1143 982 nisis³
1176 939 1353 980 duriora
1382 935 1684 982 restabant,16

263 1036 308 1070 et
339 1039 532 1069 crescere
560 1020 746 1063 altitudo
775 1023 927 1074 petrae
959 1013 1203 1055 videbatur.
1255 1009 1333 1052 llla
1361 1002 1465 1049 vero
1496 1004 1622 1046 mise-

263 1098 408 1141 rabilis
435 1101 530 1138 erat
566 1092 711 1139 facies,
747 1104 847 1131 cum
879 1087 922 1134 ii,
946 1101 1056 1143 quos
1084 1082 1292 1125 instabilis
1319 1080 1476 1137 gradus
1502 1075 1623 1118 fefel-
1678 1095 1682 1097 >

264 1172 386 1219 lerat‚
417 1183 468 1210 ex
503 1163 729 1222 praecipiti
769 1159 1117 1203 devolverentur.
1186 1155 1292 1196 Mox
1324 1152 1479 1193 eadem
1505 1149 1550 1190 in
1578 1162 1622 1189 se

268 1240 474 1300 patienda
501 1235 626 1278 alieni
665 1249 787 1277 casus
824 1231 1084 1273 ostendebat
1113 1225 1372 1282 exemplum.
1431 1221 1515 1262 Per
1544 1218 1622 1259 has
1642 1237 1683 1263 ιτ

269 1322 421 1355 tamen
437 1307 714 1351 difficultates
735 1304 958 1346 enituntur
977 1304 1021 1343 in
1036 1301 1247 1342 verticem
1271 1294 1446 1342 montis,
1472 1288 1627 1332 omncs

268 1384 524 1441 fatigatione
553 1376 796 1422 continuati
826 1373 987 1416 laboris
1006 1371 1176 1420 affecti,
1203 1368 1384 1426 quidam
1411 1361 1627 1406 mulcati4

269 1464 395 1516 parte
434 1451 761 1498 membrorun13
803 1447 1052 1504 pariterque
1090 1458 1163 1485 cos
1190 1448 1234 1482 et
1263 1454 1350 1480 nox
1379 1444 1424 1479 et
1448 1447 1629 1476 somnus

271 1527 501 1588 oppressit.
569 1522 723 1566 Stratis
758 1520 920 1577 passim
962 1516 1221 1572 corporibus
1259 1512 1305 1553 in
1343 1508 1466 1551 inviis
1505 1511 1549 1546 et
1580 1503 1682 1548 inxs

274 1600 436 1658 asperis
475 1607 699 1641 saxorum,
746 1591 930 1647 periculi
977 1588 1176 1628 instantis
1221 1583 1347 1625 obliti
1395 1580 1439 1619 in
1484 1578 1631 1618 lucem

273 1673 554 1732 quieverunt:
590 1663 858 1719 tandemque
893 1659 1012 1701 velut
1051 1673 1101 1699 ex
1137 1657 1224 1698 alto
1261 1667 1420 1711 sopore
1447 1647 1632 1697 excitati,

275 1743 470 1788 occultas
503 1737 806 1791 subiectasque
841 1732 942 1789 ipsis
977 1730 1110 1771 valles
1155 1729 1382 1776 rimantes,
1416 1720 1552 1779 ignari
1589 1720 1634 1759 in
1672 1710 1691 1760 ‚⁸

275 1831 361 1874 qua
387 1820 514 1872 parte
549 1815 701 1866 petrae
742 1812 863 1846 tanta
902 1803 961 1845 vis
988 1802 1184 1843 hostium
1211 1798 1388 1842 condita
1421 1801 1543 1841 esset,
1570 1790 1637 1832 su-

273 1903 401 1931 mum
428 1897 585 1941 specus
618 1879 730 1921 infra
759 1892 802 1918 se
830 1876 945 1932 ipsos
976 1874 1201 1915 evolutum
1233 1874 1510 1912 notaverunt.
1568 1865 1635 1906 Ex
1648 1881 1682 1914 ις

276 1975 366 2018 quo
406 1953 718 2001 intellectu1n‚⁵
765 1949 883 1990 illam
911 1947 1108 1988 hostium
1139 1943 1353 1985 latebram
1391 1955 1494 1981 esse.
1554 1939 1636 1980 lta-

277 2047 363 2091 que
388 2029 523 2071 hastis
566 2025 813 2081 imposuere
854 2020 974 2078 quod
1014 2022 1280 2061 convenerat
1333 2013 1531 2069 signum3
1570 2017 1635 2052 to-

278 2113 414 2161 toque
460 2117 484 2143 e
529 2111 716 2140 numero
763 2093 874 2135 duos
921 2097 966 2134 et
1009 2102 1091 2132 xxx
1128 2089 1172 2130 in
1215 2099 1396 2129 ascensu
1439 2083 1635 2125 interisse

281 2170 571 2233 agnoscunt.⁶
1688 2143 1691 2152 ⁵

217 2249 272 2294 43
365 2248 458 2288 Rex
488 2258 581 2284 non
611 2238 812 2296 cupidine
841 2236 976 2293 magis
1003 2232 1204 2292 potiundi
1231 2229 1331 2278 loci,
1359 2242 1492 2285 quam
1518 2225 1635 2268 vice⁷
1651 2212 1690 2267 ec*

283 2332 452 2366 eorum,
490 2328 602 2372 quos
639 2313 694 2354 ad
727 2319 820 2352 tam
858 2307 1144 2350 manifestum
1181 2302 1423 2360 periculum
1450 2299 1641 2347 miserat,

282 2389 503 2436 sollicitus,
537 2393 634 2427 toto
674 2384 743 2426 die
785 2380 1016 2426 cacumina
1058 2376 1223 2419 montis
1262 2375 1434 2416 intuens
1469 2369 1640 2412 restitit.

287 2500 553 2516 ν--ἐ

289 2577 305 2601 ¹
330 2576 518 2610 levavere.
719 2570 739 2597 ²
766 2569 847 2616 quis
876 2566 1010 2612 gradus
1035 2563 1212 2599 subinde.
1456 2558 1475 2588 3
1505 2557 1655 2591 εηὶιιίς.Δ
1683 2569 1694 2611 5.

374 2630 396 2657 4
421 2627 584 2660 multati.
803 2626 822 2653 5
850 2622 1090 2656 intellectum
1117 2624 1199 2652 est.
1409 2612 1429 2639 ⁶
1454 2611 1650 2657 interiisse?
1685 2613 1688 2655 ζ

375 2686 624 2727 cognoscunt.
825 2676 842 2705 7
870 2676 1005 2709 vicem.
1182 2681 1188 2684 ·
1647 2670 1655 2674 “
1682 2659 1688 2697 l
