1703 2961
283 192 366 234 358
750 193 808 248 Q.
840 191 1046 236 CURTII
1075 194 1216 238 RUFI

284 314 460 348 regnum,
495 304 696 350 Olympias
732 304 891 350 Epirum
929 303 1131 339 invaserat.
1192 305 1306 340 Forte
1339 305 1431 340 dum
1463 305 1652 340 eiusmodi

285 365 437 398 litterae
461 366 687 403 redduntur,
715 365 992 412 Hephaestion,
1027 374 1194 401 assuetus
1221 368 1396 402 omnium
1424 380 1654 402 arcanorum

286 437 327 459 se
352 427 582 473 participem
610 427 756 466 haberi,
788 428 994 472 resignatas
1020 429 1067 461 ab
1098 429 1313 462 Alexandro
1339 429 1453 463 simul
1476 430 1655 476 inspicie-

289 487 368 520 bat.
418 488 555 533 Neque
581 490 699 522 vetuit
723 500 810 522 eum
837 500 929 531 reat,
957 489 1023 523 sed
1047 489 1258 524 detractum
1283 490 1403 536 digito
1421 491 1577 524 anulum
1598 491 1656 524 ori

289 549 453 594 legentis
480 549 664 591 admovit,
689 550 788 583 nihil
815 561 963 592 eorum,
988 562 1087 596 quae
1115 553 1325 598 perscripta
1343 560 1478 595 essent,
1497 553 1539 586 in
1561 553 1657 586 alios

293 609 535 643 efferendum
579 608 816 654 significans.
883 613 1077 646 Incusasse
1114 621 1240 646 autern
1274 614 1406 648 ambos
1439 613 1576 657 fertur,
1622 619 1660 647 et

292 671 422 704 matris
448 672 660 705 insolentia
685 681 904 718 permotum
940 675 1181 716 exclamasse,
1210 686 1293 708 eam
1317 688 1387 721 pro
1416 674 1659 709 habitatione

296 732 432 766 decem
461 735 665 772 mensium,
692 746 808 779 quam
830 735 871 768 in
895 743 1004 769 utero
1021 736 1094 768 sibi
1122 737 1371 782 praebuisset,
1397 748 1546 783 gravem
1564 747 1660 769 mer-

296 793 431 827 cedem
471 796 640 840 exigere:
674 797 916 842 Antipatrum
945 809 1035 830 vero
1070 805 1287 843 suspectum
1322 799 1517 841 habuisse,
1553 798 1663 843 quasi

295 862 405 900 parta
433 866 478 888 ex
512 856 707 903 Spartanis
745 859 906 892 victoria
931 858 1135 892 tollentem
1161 859 1325 901 animos,
1351 866 1388 893 et
1415 860 1579 906 imperio
1605 865 1665 892 tot

296 916 374 949 iam
399 917 441 950 in
467 927 589 952 annos
614 926 821 966 prorogato
849 932 962 966 supra
993 920 1179 967 praefecti
1205 920 1363 953 modum
1390 922 1544 959 elatum.
1592 922 1664 954 Ita-

298 989 372 1022 que
412 990 499 1012 cum
538 981 617 1013 eius
658 982 817 1026 gravitas
851 989 965 1027 atque
987 981 1181 1027 integritas
1209 992 1231 1014 a
1256 982 1487 1027 quibusdam
1510 981 1662 1029 praedi·

298 1047 467 1083 caretur,
492 1042 668 1084 subiecit,
699 1044 861 1077 exterius
889 1043 1047 1089 quidem
1076 1043 1206 1076 album
1232 1043 1370 1086 videri,
1403 1044 1471 1078 sed
1497 1044 1528 1078 si
1553 1043 1663 1090 peni-

296 1105 355 1132 tus
388 1100 686 1148 introspiciatur,
722 1111 846 1137 totum
883 1116 962 1138 esse
991 1115 1241 1152 purpureum.
1290 1105 1428 1138 Pressit
1450 1111 1580 1138 tamen
1605 1116 1664 1138 su-

294 1162 513 1205 spicionem
546 1176 665 1207 suam,
701 1176 828 1211 neque
862 1167 984 1199 ullum
1021 1166 1259 1200 manifestius
1297 1167 1508 1200 abalienati
1544 1165 1665 1199 animi

300 1224 492 1258 indicium
528 1227 722 1272 praetulit.
773 1226 981 1260 Credidere
1025 1234 1155 1259 tamen
1188 1227 1376 1272 plerique,
1408 1228 1666 1273 Antipatrum,

301 1287 453 1319 evocari
478 1298 518 1319 se
545 1288 725 1333 supplicii
753 1299 867 1321 causa
898 1294 1035 1328 ratum,
1063 1288 1191 1333 impiis
1225 1288 1577 1324 machinationibus
1611 1299 1667 1322 re-

299 1348 383 1393 giae
419 1349 568 1389 mortis,
604 1361 702 1394 quae
737 1350 856 1395 paulo
889 1356 978 1394 post
1010 1357 1140 1381 secuta
1174 1356 1238 1386 est,
1265 1356 1462 1383 auctorem
1488 1350 1666 1384 extitisse.
1701 1310 1703 1391 i

345 1411 494 1444 Interea
519 1423 596 1453 rex,
622 1419 660 1444 ut
689 1411 885 1445 imminuti
911 1410 1097 1443 exercitus
1128 1409 1357 1444 detrimenta
1380 1412 1548 1451 sarciret,
1571 1412 1671 1457 opti·
1700 1392 1703 1448 i

299 1485 405 1506 mum
447 1484 640 1518 quemque
678 1474 877 1506 Persarum
912 1472 953 1505 in
988 1471 1266 1505 Macedonicos
1314 1472 1469 1506 ordines
1517 1473 1669 1518 allegit:

301 1534 408 1567 mille
435 1534 548 1567 etiam
574 1535 916 1580 praestantissimos
945 1533 1153 1577 segregavit
1181 1532 1228 1565 ad
1255 1534 1481 1579 propiorem
1507 1535 1564 1568 sui
1588 1546 1671 1568 cor-

301 1597 409 1643 poris
436 1597 665 1630 custodiam:
705 1597 820 1629 aliam
851 1595 1087 1628 hastatorum
1121 1605 1291 1637 manum,
1326 1595 1431 1628 haud
1468 1596 1670 1641 pauciores

303 1658 437 1691 decem
459 1659 626 1700 milibus,
647 1658 750 1691 circa
771 1657 918 1702 regium
938 1656 1234 1690 tabernaculum
1259 1657 1438 1690 excubias
1466 1668 1576 1703 agere
1596 1658 1670 1697 ius-

302 1719 362 1753 sit.
409 1721 515 1753 Haec
545 1721 671 1765 agenti
698 1720 899 1752 Peucestes
926 1718 1149 1764 supervenit
1181 1730 1268 1751 cum
1299 1718 1435 1762 viginti
1459 1720 1672 1764 sagittario-

303 1794 387 1816 rum
405 1781 723 1826 funditorumque
760 1781 931 1823 milibus,
961 1792 1056 1826 quos
1086 1791 1131 1812 ex
1157 1790 1225 1811 sua
1249 1779 1452 1825 provincia
1479 1782 1669 1824 coegerat.

303 1845 373 1877 His
404 1855 473 1890 per
502 1844 713 1877 exercitum
744 1842 970 1884 distributis,
1004 1841 1201 1887 profectus
1229 1847 1283 1873 est
1300 1841 1415 1879 Susis,
1439 1848 1474 1874 et
1498 1841 1672 1887 Pasitigri

306 1917 420 1940 amne
440 1907 678 1949 transmisso,
705 1904 807 1950 apud
834 1904 950 1937 Caras
977 1910 1098 1936 castra
1125 1909 1284 1935 metatus
1315 1908 1388 1935 est:
1415 1903 1505 1936 inde
1531 1903 1672 1949 quatri-

307 1969 384 2002 duo
409 1979 478 2015 per
503 1968 727 2001 Sittacenen
751 1966 873 1999 ductis
899 1966 1022 2011 copiis
1050 1963 1245 1998 Sambana
1281 1964 1483 2008 processit,
1516 1964 1581 1998 ubi
1603 1975 1674 2010 per

304 2039 453 2078 septem
491 2029 571 2063 dies
609 2029 782 2073 quietum
821 2038 957 2072 agmen
991 2026 1130 2060 tenuit.
1189 2025 1326 2058 Tridui
1365 2025 1508 2059 deinde
1535 2026 1674 2058 itinere

305 2104 462 2127 emenso
491 2091 657 2124 Celonas
685 2095 911 2134 perventum
939 2094 1005 2123 est.
1051 2087 1251 2132 Oppidum
1278 2087 1354 2121 hoc
1387 2095 1522 2120 tenent
1548 2088 1674 2120 Boeo-

306 2156 359 2188 tia
388 2153 572 2200 profecti,
608 2163 702 2197 quos
735 2151 879 2184 Xerxes
918 2148 1072 2181 sedibus
1111 2148 1186 2181 suis
1222 2149 1364 2182 excitos
1399 2149 1439 2182 in
1472 2149 1673 2182 Orientem

304 2214 520 2250 transtulit.-
546 2213 823 2257 servabantque
847 2217 1114 2256 argumentum
1143 2210 1298 2255 originis
1326 2211 1512 2255 peculiari
1530 2222 1672 2243 sermo-

306 2290 369 2321 ne,
397 2289 443 2311 ex
460 2276 616 2310 Graecis
633 2274 863 2319 plerumque
887 2273 1047 2305 vocibus
1069 2279 1288 2309 constante:
1315 2279 1482 2305 ceterum
1501 2272 1551 2304 ob
1570 2284 1674 2306 com-

307 2334 541 2373 merciorum
576 2335 841 2370 necessitatem
873 2333 1126 2368 finitimorum
1161 2334 1410 2367 barbarorum
1437 2334 1569 2379 lingua
1593 2341 1675 2366 ute-

304 2403 457 2436 bantur.
515 2398 612 2432 lnde
643 2396 874 2441 Bagistanen
899 2397 1087 2441 ingressus
1123 2403 1187 2437 est,
1222 2395 1418 2440 regionem
1451 2395 1676 2441 opulentam

307 2471 344 2498 et
372 2461 635 2496 abundantem
662 2458 842 2491 arborum
871 2469 1038 2491 amoeno
1068 2465 1104 2491 et
1129 2456 1297 2490 fecundo
1323 2456 1442 2497 foetu,
1462 2456 1675 2501 ceterisque

307 2526 356 2560 ad
381 2525 482 2558 vitae
509 2534 590 2555 non
618 2533 728 2554 usum
755 2519 885 2560 modo,
924 2531 1055 2552 verum
1093 2519 1205 2552 etiam
1233 2518 1532 2551 delectationem
1558 2517 1674 2563 perti-

306 2585 502 2620 nentibus.
561 2582 695 2616 Gravis
730 2583 830 2615 inter
862 2581 959 2614 haec
992 2581 1155 2614 Eumeni
1192 2592 1278 2613 cum
1312 2579 1601 2625 Hephaestione
1625 2578 1674 2611 si-

305 2649 442 2682 multas
470 2645 674 2679 inciderat.
725 2644 823 2676 Nam
851 2654 978 2676 servos
1007 2642 1188 2676 Eumenis
1217 2641 1442 2681 diversorio,
1470 2640 1574 2686 quod
1602 2651 1674 2686 pro

305 2709 401 2742 hero
426 2719 496 2741 suo
521 2712 805 2753 anteceperant,
832 2704 1070 2751 Hephaestio
1096 2703 1347 2751 proturbavit,
1374 2708 1416 2736 ut
1445 2701 1561 2737 Euius
1586 2700 1674 2734 tibi-
