1703 2961
247 171 301 213 63
700 159 756 215 Q.
791 157 998 200 CURTH
1022 153 1162 197 RUFI
1680 182 1683 199 ,

252 296 353 324 saxo
381 293 480 322 crus
509 276 600 318 eius
630 271 850 328 affligitur.
900 268 1075 312 Innixus
1103 273 1255 308 tamen
1286 262 1388 315 telo,
1416 262 1617 305 nondum
1633 251 1683 306 24}

254 352 412 412 prioris
450 347 637 392 vulneris
676 344 870 386 obducta
912 339 1138 387 cicatrice,
1169 338 1283 379 inter
1309 335 1525 392 primores
1556 334 1618 376 di·
1680 311 1683 330 1

256 427 405 476 micat,
448 423 512 465 ira
551 431 726 476 quoque
765 428 986 462 accensus,
1024 410 1145 469 quod
1181 408 1269 450 duo
1310 407 1354 448 in
1392 406 1620 448 obsidione
1679 442 1682 456 3

259 499 380 541 urbis
420 496 510 537 eius
551 491 728 532 vulnera
765 492 1011 543 acceperat.
1037 488 1051 509 ¹
1104 480 1277 529 Betim,
1307 479 1474 536 egregia
1505 462 1683 529 edita‘zs}

259 586 418 630 pugna,
444 564 678 619 multisque
707 559 956 601 vulneribus
990 555 1260 600 confectum,
1291 551 1579 592 deseruerunt
1599 552 1620 576 ²
1679 593 1682 602 ᾗ

262 645 347 696 sui,
380 657 462 684 nec
496 645 646 678 tamen
683 630 852 688 segnius
892 628 1109 687 proelium
1152 622 1417 682 capessebat,
1452 621 1631 664 lubricis
1679 618 1681 670 J

267 716 398 762 armis
429 725 506 754 suo
542 706 706 765 pariter
749 711 879 759 atque
909 699 1105 743 hostium
1130 695 1352 753 sanguine.
1408 694 1496 737 Sed
1526 709 1630 737 cum
1643 707 1681 734 2«.

268 787 460 844 undique
492 780 588 823 telis
610 780 627 807 ³

316 862 538 908 [peteretur‚
564 850 613 884 ad
636 855 873 896 postremum
892 843 1081 879 exhaustis
1105 841 1248 877 viribus
1274 840 1380 875 vivus
1406 840 1448 874 in
1466 845 1632 886 potesta-
1677 859 1682 884 ;

270 934 348 959 tem
373 917 544 954 hostium
570 910 747 959 pervenit
759 910 786 954 z]

270 985 481 1040 ***quo
506 979 529 1003 ⁴
576 975 784 1021 adducto,
831 968 1033 1011 insolenti
1081 966 1240 1025 gaudio
1278 963 1443 1006 iuvenis
1483 963 1635 1013 elatus,

274 1059 378 1102 alias
415 1047 588 1094 virtutis
626 1045 758 1087 etiam
792 1043 837 1083 in
870 1042 996 1083 hoste
1023 1041 1223 1086 mirator,
1253 1054 1336 1081 non
1364 1046 1414 1078 uc
1439 1038 1642 1089 voluisti,
1676 1078 1679 1093 ι

276 1127 431 1187 inquit,
472 1122 684 1168 morieris,
710 1118 724 1144 ⁵
769 1117 848 1157 sed
888 1116 1095 1171 quicquid
1121 1114 1141 1138 ⁶
1182 1115 1229 1153 in
1269 1113 1492 1166 captivum
1524 1113 1640 1152 inve-
1675 1110 1679 1159 ι’

261 1205 367 1250 uiri
395 1207 556 1256 potest,
592 1205 820 1248 passurum
857 1204 947 1228 esse
985 1198 1029 1229 ce
1071 1188 1229 1240 cogita.
1286 1183 1362 1225 Ille
1392 1197 1485 1223 non
1511 1176 1677 1223 inter-2}

279 1277 367 1318 rito
401 1269 561 1317 mod0‚
598 1264 674 1307 sed
712 1259 964 1304 contumaci
1002 1273 1179 1316 quoque
1213 1255 1336 1297 vultu
1366 1254 1541 1296 intuens
1579 1269 1644 1295 re·
1674 1254 1677 1320 ζ

281 1361 407 1406 gem,
451 1339 618 1383 nullam
654 1336 709 1376 ad
754 1333 896 1374 minas
934 1331 1024 1373 eius
1063 1328 1257 1371 reddidit
1292 1342 1464 1368 vocem.
1496 1346 1499 1347 ⁷
1528 1327 1678 1373 Tumzl

282 1414 541 1462 Alexander,
581 1411 802 1452 videtisne
829 1407 1095 1449 obstinatum
1123 1403 1182 1443 ad
1210 1401 1465 1442 tacendum?
1490 1399 1645 1455 inquit.
1672 1378 1677 1482 ἕ

282 1497 403 1538 Num
449 1500 560 1543 genu
603 1484 783 1539 posuit?
830 1495 930 1522 num
971 1493 1123 1520 vocem
1174 1474 1451 1529 supplicem⁷
1497 1474 1676 1515 misic3·

289 1569 337 1612 V
333 1569 475 1608 ineam
500 1570 645 1601 tamen
669 1556 905 1603 silentium,
941 1561 985 1593 et
1015 1552 1057 1591 si
1084 1549 1195 1590 nihil
1222 1548 1356 1596 aliud,
1383 1556 1496 1588 certe
1519 1548 1675 1601 gemi-‚

285 1653 335 1685 tu
363 1631 660 1690 interpellabo.
683 1631 700 1656 ⁸
766 1628 835 1668 Ira
856 1629 878 1653 9
918 1622 1076 1665 deinde
1114 1619 1246 1661 vertit
1279 1619 1325 1660 in
1351 1618 1532 1667 rabiem,
1561 1618 1666 1659 iamt

286 1723 384 1756 tum
416 1703 671 1766 peregrinos
707 1699 817 1740 ritus
845 1711 959 1739 nova
989 1694 1202 1737 subeunte
1233 1691 1424 1733 fortuna.
1479 1690 1563 1731 Per
1590 1697 1654 1732 ta-

287 1788 353 1828 los
390 1780 506 1824 enim
557 1772 758 1832 spirantis
812 1771 905 1811 lora
947 1765 1130 1808 traiecta
1173 1771 1297 1813 sunt,
1332 1737 1674 1826 religatumque}

288 1858 345 1900 ad
385 1864 566 1897 currum
600 1855 768 1889 traxere
809 1841 922 1884 circa
961 1838 1119 1879 urbem
1151 1836 1271 1894 equi:
1299 1834 1512 1892 gloriante
1540 1829 1673 1892 rege‚!

290 1927 503 1973 Achillen,
527 1925 572 1947 ¹⁰
605 1934 629 1961 a
660 1931 748 1975 quo
777 1928 912 1972 genus
937 1911 1028 1968 ipse
1069 1909 1320 1957 deduceret,
1359 1906 1581 1948 imitatum
1611 1893 1673 1957 se}

292 2017 383 2046 esse
410 2009 555 2056 poena
598 1992 644 2033 in
682 1989 859 2030 hostem
896 1981 1122 2039 capienda.
1177 1979 1391 2022 Cecidere
1421 1963 1682 2031 Persarumi

292 2073 580 2124 Arabumque
620 2062 735 2105 circa
769 2059 926 2100 decem
955 2054 1090 2095 milia:
1126 2068 1209 2095 nec
1245 2051 1566 2094 Macedonibus
1594 2035 1671 2093 imi

295 2150 477 2191 cruenta
514 2133 695 2178 victoria
727 2131 822 2173 fuit.
887 2126 1075 2171 Obsidio
1116 2133 1234 2168 certe
1267 2139 1359 2166 non
1398 2129 1492 2164 tam
1536 2120 1670 2164 clari-³

294 2227 382 2262 tate
430 2210 550 2255 urbis
595 2205 825 2248 nobilitata
873 2208 956 2251 est,
1012 2212 1148 2255 quam
1193 2195 1416 2255 geminato
1460 2195 1669 2252 periculo,

295 2291 417 2348 regis.
1667 2264 1669 2266 .

378 2359 466 2416 Qui
485 2358 734 2412 Aegyptum
751 2347 869 2390 adire
898 2342 1120 2392 festinans,
1146 2342 1372 2395 Amyntan
1396 2343 1439 2366 ¹¹
1472 2354 1574 2383 cum
1589 2335 1668 2382 ἀει-ἶ

297 2453 561 2471 -.---—

296 2515 314 2540 ι
337 2511 537 2554 acceperat
560 2500 737 2534 vulnera.'
823 2495 843 2519 2
869 2493 1125 2527 deseruerant.
1221 2489 1241 2519 3
1272 2488 1391 2523 abest,
1486 2487 1509 2518 4
1535 2487 1665 2521 abe-fes

385 2565 404 2593 5
431 2558 595 2595 additur
627 2554 726 2588 Beti.
799 2549 818 2574 ὅ
841 2546 1006 2582 addicar
1036 2550 1328 2577 tormentorum.
1404 2542 1421 2568 7
1447 2531 1665 2586 supplicemi

383 2626 533 2652 vocem.
612 2609 629 2637 8
658 2603 914 2651 interpolabo.
998 2600 1018 2627 9
1049 2596 1165 2633 Codd.
1196 2597 1304 2630 iram.
1389 2594 1431 2620 10
1454 2591 1664 2639 Achillem.{

385 2674 400 2697 1
409 2673 424 2696 1
451 2670 667 2712 Amyntam.
