1703 2961
218 138 379 169 xxvm
663 119 1123 169 PRAEFATIO.

217 259 406 291 norum
438 241 631 300 fuisset,
661 243 835 304 potuit
862 243 903 288 is
932 254 1132 304 septem
1169 253 1220 288 et
1251 243 1579 308 quadraginta

219 312 364 356 annis
397 321 543 370 post,
583 324 762 365 senex,
803 323 933 368 quae
974 321 1080 353 tum
1115 309 1211 354 suit
1245 312 1372 370 reip.
1404 328 1579 373 geren-

215 376 310 422 dae
344 374 596 430 condicio,
627 374 871 419 exercitui
905 389 1170 434 praeesse:
1206 375 1293 420 sed
1322 376 1419 420 alia
1449 379 1577 423 mul-

211 453 263 488 ta
305 452 423 486 sunt
455 442 509 485 in
545 456 604 484 ea
639 441 890 501 opinione
924 455 1109 500 parum
1145 442 1445 487 verisimilia.
1479 444 1578 488 Ne·

210 522 296 552 mo
323 507 461 552 enim
486 505 684 551 videtur
709 506 762 550 in
791 519 1000 550 censum
1021 506 1272 551 clarorum
1299 505 1577 565 rhetorum,

210 574 241 618 i.
272 588 315 617 e.
348 572 674 632 eloquentiae
710 572 1084 632 magistrorum,
1126 583 1228 616 tam
1264 574 1365 617 cito
1399 588 1576 633 perve-

208 640 321 683 nire
369 639 626 699 potuisse,
664 648 721 681 ut
763 637 956 698 integra
997 635 1163 682 adhuc
1209 649 1398 694 aetate,
1442 653 1577 684 com-

207 715 404 749 mutato
435 702 620 758 studio,
657 700 722 746 ad
747 717 910 763 remp.
938 700 1387 748 administrandam
1411 716 1461 749 et
1483 703 1576 749 ho-

206 784 360 815 nores
395 766 650 828 petendos
672 768 896 811 animum
916 767 1094 813 liceret
1117 781 1437 826 convertere,
1471 785 1576 814 cer·

206 846 258 879 te
293 833 344 879 id
378 844 481 878 tam
511 831 797 878 inauditum
839 845 945 889 est,
990 845 1045 877 ut
1082 849 1189 878 non
1235 833 1389 879 modo
1435 834 1577 892 alios,

206 898 297 946 sed
322 899 578 954 Tacitum,
613 899 700 959 qui
734 897 895 943 multa
931 909 980 942 et
1014 898 1284 960 singularia
1318 898 1380 945 de
1412 899 1577 945 homi-

202 981 270 1011 ne
307 963 471 1022 tradit,
501 966 653 1009 etiam
687 978 746 1008 ea
780 962 842 1009 de
878 978 933 1008 re
967 962 1221 1009 dicturum
1245 963 1400 1009 fuisse
1437 977 1575 1010 certo

205 1030 424 1077 credam.
490 1029 620 1075 Mihi
654 1044 799 1085 ver0,
841 1030 882 1074 si
915 1028 1156 1075 hariolari
1191 1031 1243 1074 in
1286 1046 1340 1075 re
1384 1031 1577 1076 incerta

203 1097 350 1153 licet,
396 1111 554 1141 senex
597 1094 893 1142 Consularis
947 1095 1133 1140 ancilla
1190 1095 1270 1140 vel
1317 1095 1576 1156 impudica

203 1162 420 1208 muliere
459 1173 632 1217 natus,
680 1172 730 1205 et
766 1176 794 1204 a
837 1158 1044 1205 rhetore
1086 1175 1183 1221 pro
1227 1158 1333 1205 filio
1373 1160 1574 1207 habitus

204 1239 292 1272 aut
324 1226 597 1288 adoptatus
636 1224 849 1270 videtur.
917 1226 1184 1286 Flagitium
1211 1239 1344 1270 certe
1367 1226 1575 1287 aliquod

203 1293 416 1338 latuisse
450 1289 720 1338 verisimile
757 1302 846 1348 est,
877 1293 1119 1352 quoniam
1154 1292 1362 1336 Tacitus
1395 1292 1576 1352 pudere

202 1374 250 1404 se
284 1357 482 1413 scribit,
517 1373 635 1402 vera
669 1357 728 1401 de
761 1357 891 1400 illius
925 1357 1113 1420 origine
1156 1357 1351 1417 exequi,
1394 1369 1443 1402 et
1487 1358 1573 1403 Ti-

200 1423 373 1469 berius
413 1422 601 1470 Caesar
629 1433 889 1483 tamquam
923 1434 1086 1467 terrae
1127 1419 1314 1478 filium,
1357 1424 1442 1483 qui
1499 1425 1573 1468 iu-

200 1501 306 1536 stos
335 1500 577 1551 parentes
615 1489 750 1532 ciere
785 1489 1037 1548 nequiret,
1074 1502 1190 1532 eum
1208 1487 1363 1532 videri
1395 1487 1484 1532 sibi
1514 1504 1574 1534 επ

199 1570 248 1600 se
282 1566 453 1600 natum
486 1568 580 1598 esse
613 1551 751 1598 dixit.

330 1621 507 1682 Ipsum
540 1617 800 1663 rhetorem
819 1617 919 1663 stili
949 1616 1220 1663 exercendi
1243 1631 1394 1661 eausa
1415 1615 1574 1662 histo-

196 1687 325 1732 riam
365 1682 640 1732 Alexandri
684 1682 778 1727 sibi
813 1681 1226 1743 pertractandam
1274 1685 1570 1743 sumpsisse,

198 1753 252 1797 in
305 1765 472 1812 eoque
528 1760 826 1811 argumento
875 1748 1127 1793 Graecum
1175 1747 1396 1807 aliquem
1452 1750 1573 1793 scri-

196 1829 404 1878 ptorem
437 1818 664 1877 pressius
701 1826 936 1860 secutum
971 1828 1106 1869 esse,
1143 1824 1193 1857 et
1223 1827 1320 1873 per
1360 1828 1413 1858 se
1448 1816 1574 1859 veri-

200 1883 363 1928 simile
409 1893 505 1938 est,
537 1892 586 1926 et
622 1895 684 1925 ex
730 1892 837 1924 tota
882 1881 1080 1924 ratione
1125 1879 1296 1939 operis
1337 1879 1572 1941 intelligi-

198 1960 295 1995 tur.
361 1948 564 1993 Etenim
604 1959 931 1990 communem
970 1947 1014 1989 ei
1060 1959 1175 1988 cum
1219 1942 1454 1989 Diodoro
1498 1946 1571 1990 Si-

198 2014 316 2059 culo
351 2015 405 2058 in
436 2011 568 2058 libro
602 2012 739 2058 XVII
773 2003 1134 2066 βιβλιοθήκης
1166 2007 1362 2053 fontem
1398 2007 1568 2067 fuisse,

196 2094 259 2125 ex
294 2079 684 2140 comparatione
726 2078 989 2135 utriusque
1025 2074 1152 2120 adeo
1190 2076 1450 2120 neminem
1493 2075 1570 2120 su-

194 2147 279 2207 git,
314 2156 371 2189 ut
396 2143 589 2189 fuerint
627 2144 714 2203 qui
753 2141 850 2187 hac
895 2140 1225 2186 similitudine
1269 2139 1410 2185 abusi
1451 2156 1569 2186 eum

193 2212 404 2257 vertisse
438 2208 727 2255 Diodorum
769 2209 1118 2268 opinarentur.
1187 2204 1284 2251 Sed
1328 2204 1430 2251 hoc
1476 2206 1569 2251 fal-

194 2292 310 2322 sum
348 2290 458 2321 esse
502 2290 563 2319 ex
602 2290 662 2318 eo
696 2273 1007 2334 intelligitur,
1057 2270 1196 2332 quod
1244 2269 1445 2316 easdem
1487 2288 1565 2317 res

193 2341 384 2403 ubique
420 2341 681 2400 aliquanto
715 2338 918 2383 uberius
953 2349 1138 2393 narrat,
1186 2336 1447 2398 multaque
1483 2337 1566 2382 ad-

193 2407 279 2464 dit,
324 2422 455 2468 quae
498 2405 756 2451 Diodorus
812 2403 1041 2449 brevitati
1086 2401 1291 2448 studens
1335 2403 1567 2465 neglexe-

193 2486 284 2520 rat.
325 2473 475 2518 lllum
502 2484 673 2516 autem
693 2470 947 2515 Graecum
977 2470 1294 2529 scriptorem,
1329 2467 1392 2513 ab
1427 2481 1561 2513 utro·

195 2554 296 2600 que
360 2551 683 2601 expressum,
755 2534 909 2582 fuisse
970 2535 1308 2592 Clitarchum,
1338 2535 1559 2584 Dinonis

1398 2598 1560 2648 filium
