1703 2961
376 187 457 229 DE
488 182 695 228 Gesris
724 181 895 224 ALEx.
925 181 1000 231 vr,
1030 179 1069 223 4.
1314 175 1404 216 ‘159

50 302 236 358 ludique,
277 305 320 341 et
356 313 502 355 greges
527 294 743 352 pellicum,
778 287 926 335 omnia
955 293 1000 334 in
1033 297 1261 333 externum
1287 287 1406 345 lapsa

49 376 266 429 morem.¹
339 370 485 425 Quem
523 368 762 409 aemulatus
798 366 918 423 quasi
955 364 1179 421 potiorem
1218 378 1309 411 suo,
1348 361 1407 401 ita

49 443 328 502 popularium
367 442 536 482 animos
578 440 816 496 oculosque
853 437 1018 494 pariter
1054 434 1261 482 offendit,
1303 440 1351 472 ut
1382 446 1404 472 a

47 516 264 574 plerisque
311 513 557 554 amicorum
608 525 688 566 pro
728 510 854 550 hoste
891 509 1142 550 haberetur.
1212 506 1407 546 Tenaces

48 588 212 645 quippe
250 584 500 637 disciplinae
541 598 656 630 suae,
690 582 926 639 solitosque
960 595 1096 637 parco
1133 593 1183 620 ac
1221 574 1406 634 parabili

45 660 163 701 victu
195 658 250 699 ad
286 656 505 713 implenda
541 662 723 696 naturae
761 653 970 695 desideria
1003 651 1188 707 defungi,
1216 650 1261 690 in
1287 651 1411 705 pere'-

46 732 167 789 grina
206 736 250 770 et
283 728 553 770 devictarum
591 727 787 783 gentium
827 726 940 766 mala
979 725 1226 782 impulerat.
1295 722 1409 762 Hinc

47 803 218 859 saepius
248 808 528 856 comparatae
561 799 604 839 in
635 805 768 854 caput
784 798 873 840 eius
902 798 1093 859 insidiae,
1124 795 1307 838 secessio
1331 793 1412 834 mi-

47 876 190 922 litum,
219 881 263 914 et
289 871 468 913 liberior
508 871 623 912 inter
662 877 838 912 mutuas
881 870 1076 927 querelas
1109 869 1248 919 dolor,
1278 868 1411 924 ipsius

49 945 207 989 deinde
232 959 350 985 nunc
379 943 456 990 ira,
489 959 608 984 nunc
641 942 922 999 suspiciones,
968 957 1074 999 quas
1106 942 1323 983 excitabat
1352 939 1414 980 in-

50 1016 273 1061 consultus
312 1029 472 1072 pavor,
511 1023 746 1072 ceteraque
787 1015 854 1057 his
893 1014 1071 1062 similia,
1114 1028 1224 1070 quae
1256 1012 1414 1054 deinde

48 1090 262 1132 dicentur.

44 1175 47 1194 ³
99 1191 102 1194 ,
131 1161 265 1217 Igitur
293 1174 395 1201 cum
426 1158 742 1215 intempestivis
783 1157 989 1199 conviviis
1023 1157 1112 1198 dies
1140 1157 1306 1214 pariter
1335 1161 1413 1197 no'-

51 1241 228 1290 ctesque
261 1238 553 1279 consumeret,
590 1231 836 1271 satietatem
881 1230 1113 1286 epularum
1139 1229 1250 1271 ludis
1283 1229 1415 1270 inter-

0 1318 24 1343 :··
49 1303 290 1363 pellabat,²
330 1317 420 1343 non
463 1310 694 1344 contentus
733 1301 976 1350 artificum,
1012 1317 1121 1359 quos
1159 1318 1181 1344 e
1227 1302 1415 1345 Graecia

52 1376 312 1423 exciverat,³
356 1374 507 1416 turba:
546 1375 706 1432 quippe
748 1375 979 1432 captivae4
1027 1374 1296 1416 iubebantur
1335 1389 1414 1415 suo

25 1451 139 1491 ·ritu
169 1461 336 1497 canere,
367 1441 647 1488 inconditum
685 1455 729 1488 et
767 1448 1010 1489 abhorrens
1040 1447 1276 1504 peregrinis
1307 1446 1417 1488 auri-

52 1523 133 1563 bus
165 1534 358 1561 carmen.
417 1520 538 1559 Inter
569 1534 675 1575 quas
693 1535 828 1561 unam
856 1535 932 1561 rex
945 1521 1033 1575 ipse
1060 1519 1282 1576 conspexit
1302 1534 1442 1559 mae-1

53 1594 235 1635 stiorem
267 1606 399 1648 quarn
426 1598 609 1637 ceteras,
643 1598 685 1632 et
716 1593 1067 1647 producentibus
1099 1607 1195 1633 eam
1213 1606 1418 1632 verecun-

55 1665 108 1707 de
147 1663 454 1704 reluctantem.
532 1661 758 1704 Excellens
807 1673 898 1706 erat
934 1662 1100 1714 forma,
1144 1671 1187 1704 et
1223 1663 1418 1703 formam

54 1736 200 1795 pudor
228 1735 513 1776 honestabat:
545 1734 720 1776 deiectis
750 1733 794 1776 in
823 1743 989 1776 terram
1021 1736 1168 1784 oculis,
1200 1743 1254 1784 et,
1285 1751 1420 1792 quan—

56 1818 151 1852 tum
187 1807 360 1856 licebat,
396 1821 472 1846 ore
509 1806 662 1857 velato,
713 1807 1011 1864 suspicionem
1066 1808 1270 1865 praebuit
1316 1808 1418 1864 regi,

0 1916 3 1922 .
54 1881 321 1923 nobiliorem
352 1893 453 1928 esse,
489 1894 623 1936 quam
651 1886 700 1920 ut
740 1881 854 1921 inter
886 1880 1175 1922 conviviales5
1206 1881 1334 1922 ludos
1353 1881 1422 1921 de-

9 1993 16 2002 ,
56 1955 181 1995 beret
210 1951 394 1993 ostendi.
465 1953 581 2007 Ergo
621 1950 900 2009 interrogata,
939 1969 1157 2009 quaenam
1187 1955 1322 1995 esset?
1351 1969 1425 1994 ne-

58 2025 203 2081 ptim⁶
233 2039 278 2065 se
321 2022 451 2072 Ochi,
495 2023 568 2079 qui
610 2039 749 2078 nuper
789 2033 1009 2080 regnasset
1051 2025 1095 2066 in
1133 2026 1293 2076 Persis,
1333 2026 1421 2068 filio

58 2098 148 2139 eius
171 2096 363 2154 genitam
397 2110 497 2144 esse,
531 2095 775 2151 respondit;
806 2112 988 2138 uxorem
1019 2097 1243 2155 Hystaspis
1275 2098 1419 2140 fuisse.

31 2169 334 2226 :Propinquus
371 2166 442 2208 hic
480 2168 613 2208 Darei
644 2167 802 2215 fuerat,
832 2169 981 2225 magni
1014 2177 1057 2210 et
1089 2169 1176 2224 ipse
1209 2171 1422 2212 exercitus

58 2249 250 2299 praetor.
319 2239 479 2281 Adhuc
520 2239 565 2280 in
598 2239 746 2280 animo
779 2239 889 2296 regis
919 2248 1070 2282 tenues
1097 2241 1306 2299 'reliquiae
1336 2243 1422 2299 pri-

58 2313 156 2355 stini
189 2313 325 2354 moris
362 2311 617 2352 haerebant.
686 2313 842 2368 Itaque
878 2311 1105 2354 fortunam
1144 2314 1258 2371 regia
1289 2314 1421 2370 stirpe

2 2389 7 2393 '
58 2385 224 2442 genitae
267 2393 311 2426 et
345 2391 440 2425 tam
478 2383 649 2425 celebre
688 2399 854 2425 nomen
885 2386 1107 2436 reveritus,
1139 2402 1232 2428 non
1264 2387 1424 2428 dimitti

59 2444 196 2498 modo
229 2456 459 2512 captivam,
491 2456 566 2497 sed
596 2457 728 2497 etiam
758 2457 925 2497 restitui
959 2458 996 2499 ei
1029 2474 1126 2500 suas
1156 2474 1260 2516 opes
1290 2459 1423 2509 iussit,

58 2530 199 2569 virum
221 2543 396 2585 quoque
424 2528 600 2585 requiri,
631 2535 679 2569 ut
707 2535 882 2584 reperto
913 2530 1146 2586 coniugem
1175 2533 1394 2575 redderet.

60 2645 76 2668 1
103 2644 209 2690 lapsa
232 2650 346 2677 sunt
369 2654 528 2677 motem.
669 2643 690 2669 2
720 2643 992 2690 interpolabat.
1132 2647 1152 2678 3
1181 2648 1421 2683 excitaverat.

147 2699 170 2730 4
192 2697 380 2731 adiicitur
401 2697 644 2732 feminarum.
791 2699 811 2726 5
840 2700 1070 2735 convivales.
1209 2701 1229 2727 ⁶
1251 2710 1421 2749 neptem.
