1703 2961
423 121 504 163 DE
540 118 754 163 GESTIS
783 119 950 162 ALEX.
978 122 1051 169 IX,
1097 121 1166 164 33.
1391 118 1472 159 333

52 246 103 272 20
202 231 289 274 Sed
319 248 412 274 non
440 241 490 274 ut
519 232 660 289 prima
689 231 831 287 specie
863 231 974 272 laeta
1007 233 1201 285 victoria,
1234 233 1290 274 ita
1317 234 1539 274 eventu33

120 319 296 361 quoque
325 306 428 347 fuit:
460 306 621 362 quippe
650 305 823 344 barbari
856 319 1023 344 veneno
1052 305 1268 345 tinxerant
1298 305 1474 362 ¹gladios.

119 377 273 433 ltaque
305 378 438 419 saucii
469 376 652 417 subinde
684 375 949 431 expirabant,
982 391 1062 416 nec
1097 392 1222 416 causa
1257 384 1347 416 tam
1375 384 1479 417 stre-

120 463 234 488 nuae
261 449 416 490 mortis
457 447 689 504 excogitari
722 454 897 502 poterat
928 462 950 488 a
984 448 1179 495 medicis,
1213 464 1313 489 cum
1347 448 1479 488 etiam

56 519 232 560 2tleves
262 520 411 576 plagae
443 519 700 559 insanabiles
733 526 886 561 essent.
941 519 1122 560 Barbari
1160 529 1308 560 autem
1338 535 1481 576 spera-

120 599 274 632 verant
309 592 534 633 incautum
576 597 618 631 et
657 591 939 632 temerarium
978 606 1125 647 regem
1166 592 1301 648 excipi
1337 606 1478 648 posse.

122 664 182 704 Et
212 664 327 705 sorte
358 663 471 704 inter
496 663 849 719 promptissimos
885 662 1098 703 dimicans
1124 662 1313 705 intactus
1343 679 1483 704 evase-

63 751 111 773 22
125 743 203 777 rat.
263 735 503 791 Praecipue
536 735 824 785 Ptolemaeus,
857 734 979 774 laevo
1010 733 1196 775 humero
1221 736 1371 776 leviter
1392 735 1484 792 qui-

128 808 228 849 dem
270 807 452 857 saucius,
489 807 564 848 sed
606 807 772 848 maiore
811 805 1007 863 periculo
1048 822 1181 862 quam
1220 808 1396 848 vulnere
1427 807 1487 848 af-

129 879 282 930 fectus,
324 879 433 936 regis
471 879 807 921 sollicitudinem
851 881 896 920 in
937 895 980 920 se
1024 887 1314 923 converterat.
1383 880 1489 921 San-

129 951 259 1008 guine
299 951 560 993 coniunctus
598 959 704 999 erat,
742 959 784 991 et
827 952 1008 1008 quidam
1049 951 1252 1008 Philippo
1292 951 1490 1007 genitum

130 1039 220 1064 esse
272 1023 533 1072 credebant,
577 1030 694 1065 certe
738 1023 890 1080 pellice
927 1026 1016 1064 eius
1053 1031 1202 1064 ortum
1245 1023 1488 1064 constabat.

65 1107 111 1133 23
130 1096 257 1136 Idem
298 1096 495 1150 corporis
538 1103 697 1145 custos,
737 1094 1178 1152 promptissimusque
1217 1094 1413 1142 bellator,
1449 1100 1493 1133 et

129 1167 249 1224 pacis
289 1167 454 1207 artibus
495 1183 628 1224 quam
655 1166 835 1207 militiae
867 1166 1012 1207 maior
1040 1174 1083 1208 et
1111 1167 1279 1216 clarior,
1311 1166 1490 1207 modico

134 1239 334 1295 civilique
374 1239 515 1290 cultu,
558 1238 745 1280 liberalis
783 1238 829 1278 in
866 1239 1039 1295 primis,
1091 1240 1300 1296 adituque
1328 1238 1487 1288 facili,1

71 1310 246 1352 24nihil
286 1325 335 1351 ex
369 1309 484 1351 fastu
523 1311 640 1366 regio
679 1319 986 1367 assumpserat.
1053 1311 1126 1353 Oh
1163 1311 1273 1354 haec
1312 1312 1402 1368 regi
1439 1327 1496 1353 an

136 1382 422 1440 popularibus
464 1383 607 1423 carior
645 1390 767 1431 esset,
804 1383 994 1424 dubitari
1023 1391 1220 1440 poterat,
1249 1391 1346 1424 tum
1377 1391 1496 1425 certe

135 1455 331 1511 primum
367 1461 568 1511 expertus
604 1469 786 1496 suorum
821 1455 1005 1503 animos,
1033 1456 1144 1497 adeo
1177 1465 1225 1498 ut
1254 1455 1496 1507 fortunam,

134 1528 181 1568 in
210 1542 344 1584 quam
388 1533 541 1583 postea
585 1527 792 1577 ascendit,
830 1527 875 1568 in
904 1528 975 1569 illo
1002 1528 1200 1584 periculo
1228 1529 1499 1571 Macedones

72 1614 120 1642 25
139 1599 324 1640 ominati
362 1613 453 1640 esse
488 1597 734 1639 videantur.
794 1599 970 1656 Quippe
1002 1616 1093 1641 non
1123 1601 1259 1642 levior
1290 1601 1371 1643 illis
1400 1603 1503 1643 Pto-

139 1671 294 1713 lemaei
325 1669 411 1711 fuit
452 1685 570 1717 cura,
614 1686 748 1727 quam
779 1671 909 1728 regis:
941 1672 1014 1729 qui
1044 1679 1087 1713 et
1116 1673 1285 1729 proelio
1319 1681 1362 1715 et
1390 1673 1504 1715 solli-

143 1744 339 1786 citudine
387 1742 592 1798 fatigatus
635 1758 737 1784 cum
772 1743 1027 1785 Ptolemaeo
1071 1745 1301 1796 assideret,
1338 1746 1504 1787 lectum

78 1817 188 1857 26in
216 1831 304 1872 quo
348 1815 439 1870 ipse
476 1813 785 1870 acquiesceret,
825 1815 947 1857 iussit
984 1815 1148 1857 inferri.
1213 1819 1264 1858 In
1297 1834 1429 1875 quem
1456 1824 1507 1859 ut

144 1903 188 1930 se
226 1886 409 1943 recepit,
442 1885 641 1942 protinus
679 1886 805 1927 altior
841 1887 1063 1930 insecutus
1093 1896 1156 1930 est
1187 1904 1382 1931 somnus.
1440 1891 1508 1932 Ex

144 1974 232 2017 quo
263 1959 484 2007 excitatus,
513 1971 594 2014 per
630 1958 823 2015 quietem
853 1960 1007 2001 vidisse
1037 1976 1081 2002 se
1111 1962 1288 2017 exponit
1315 1963 1508 2017 speeiem

146 2030 351 2073 draconis
386 2030 582 2071 oblatam
618 2029 805 2071 herbam
846 2030 1026 2073 ferentis
1067 2049 1155 2085 ore,
1193 2050 1326 2091 quam
1352 2037 1509 2077 veneni

84 2102 395 2146 27remedium
432 2117 521 2144 esse
561 2109 862 2143 monstrassete
897 2103 1095 2146 colorem
1133 2121 1309 2163 quoque
1345 2105 1511 2149 herbae

146 2174 388 2224 Ieferebat,
435 2174 707 2230 agniturum,
747 2174 779 2216 si
820 2175 915 2232 quis
944 2177 1223 2233 repperisset,
1274 2177 1512 2221 affirmans.

149 2247 416 2289 Inventam²
447 2244 614 2295 deinde,
647 2246 804 2302 quippe
838 2262 861 2288 a
883 2248 1029 2290 multis
1059 2250 1219 2290 simul³
1252 2257 1346 2292 erat
1371 2251 1514 2307 requi-

149 2317 245 2369 sita,
281 2316 448 2359 vulneri
487 2316 716 2373 imposuit:
751 2319 1040 2377 protinusque
1077 2321 1229 2363 dolore
1270 2321 1416 2373 finito,
1448 2323 1512 2363 in-

90 2396 218 2433 2stra
245 2389 377 2432 breve
405 2389 596 2446 spatium
632 2390 809 2433 cicatrix
837 2407 1015 2449 quoque
1046 2393 1237 2436 obducta
1271 2401 1348 2440 est.
1406 2396 1513 2436 Bar-

147 2604 167 2629 1
193 2604 331 2640 facilis.
535 2604 556 2632 2
583 2606 870 2652 Inventamque.
1071 2605 1091 2637 3
1118 2606 1239 2642 abest.
