1703 2961
291 131 375 174 DE
408 131 614 175 GESTIS
642 129 810 173 ALEX.
841 130 1157 176 ARG.7L1BR.
1187 134 1256 176 IX.
1367 133 1446 176 301

89 250 193 289 gent,
220 253 356 288 agmen
383 242 579 289 procedit3
605 242 737 288 (hodie
770 244 846 276 sive
878 244 1008 288 Beyalz
1032 247 1108 278 sive
1132 245 1318 279 Setletsch
1343 257 1448 279 voca-

88 313 180 347 tur,
209 307 487 351 utriuscunque
509 306 634 338 amnt's
657 315 818 347 nomen,
858 306 1071 338 coniunctis
1104 309 1237 350 aquis,
1275 308 1448 340 evincere

88 364 272 409 voluer-is)
308 367 478 411 Phegeus
519 364 667 408 regulus
703 363 856 398 victoris
893 362 983 399 fidei
1018 377 1097 399 sese
1131 367 1328 411 permittit.
1386 367 1445 406 (7)

84 425 301 459 Alexander
326 439 412 460 cum
449 434 485 460 et
516 427 618 459 hunc
654 436 806 458 amnem
840 426 1013 460 traiicere
1038 433 1198 472 pararet,
1224 437 1269 459 ex
1291 427 1445 473 Phegeo

85 492 123 519 et
146 487 245 519 Poro
272 487 467 532 cognoscit
493 487 539 520 de
563 487 782 531 ingentibus
810 487 933 533 copiis
978 486 1280 531 Gangaridarum
1309 496 1344 522 et
1359 490 1444 522 Pra-

83 548 240 589 siorum,
267 549 313 581 ad
340 560 433 593 quos
461 559 529 594 per
555 548 781 581 solitudines
813 548 996 581 undecim
1022 547 1169 581 dierum
1197 549 1334 583 itinere
1360 561 1444 595 per-

82 615 261 642 venturus
287 616 395 652 esset,
423 608 547 654 deque
572 621 657 655 rege
684 610 839 642 illorum
865 611 1076 655 Agramme.
1125 610 1256 655 ltaque
1280 622 1444 657 perpen-

83 671 133 703 sis
159 671 212 704 rei
253 669 559 714 difficultatibus,
595 681 682 704 cum
708 670 907 709 dubitaret,
944 683 1035 703 num
1061 671 1294 705 Macedones
1317 673 1443 718 ipsum

81 731 248 764 secuturi
283 737 417 773 essent,
450 731 510 776 (8)
539 732 723 765 contione
758 732 956 774 advocata,
993 732 1140 765 elevare
1176 733 1314 771 studet,
1344 745 1442 779 quae

81 792 129 825 ab
156 791 258 824 Indis
286 793 424 826 iactata
453 800 568 835 erant,
597 793 732 826 falsam
758 794 985 839 plerumque
1011 793 1154 827 famam
1181 804 1259 827 esse
1284 795 1441 837 docens,

81 854 141 898 (9)
171 864 244 886 nec
280 854 310 887 si
344 866 432 888 vera
464 856 532 889 illa
567 855 706 896 forent,
743 854 926 896 timenda,
961 855 1146 900 quoniam
1187 855 1280 888 olim
1306 864 1342 889 et
1366 857 1441 890 ele-

79 914 244 959 phantos
284 922 320 949 et
351 916 526 961 peditum
563 917 814 961 equitumque
840 915 1020 948 maximas
1046 916 1176 962 copias
1201 916 1315 950 facile
1339 918 1440 951 vice-

75 975 166 1009 rint.
216 976 299 1020 (10)
336 978 430 1010 Orat
464 977 650 1022 denique,
684 983 726 1010 ut
758 989 845 1010 cum
879 977 927 1010 ad
953 975 1069 1010 finem
1093 984 1216 1010 terrae
1249 985 1285 1011 et
1319 980 1442 1013 Ocea-

78 1049 171 1069 num
189 1038 447 1082 pervenerint,
473 1038 577 1070 hunc
602 1038 778 1070 ultimum
796 1038 968 1070 laborem
994 1048 1044 1070 ne
1071 1039 1258 1079 omittant,
1286 1050 1380 1072 neve
1400 1051 1440 1073 se

79 1098 266 1133 deserant.
314 1100 395 1144 (Η)
426 1100 522 1131 Lum
550 1099 688 1131 milites
714 1099 828 1132 duces
852 1109 939 1131 suos
974 1096 1164 1131 intuentes
1189 1099 1440 1144 pertinaciter

77 1159 243 1200 silerent,
271 1170 415 1204 rexque
439 1160 494 1192 ira
521 1167 556 1192 et
577 1159 710 1192 dolore
736 1158 999 1197 exardescens,
1023 1159 1148 1192 solum
1164 1160 1277 1205 igitur
1303 1173 1342 1195 se
1363 1163 1438 1196 itu-

77 1232 161 1252 rum
198 1218 479 1262 confirmasset,
510 1221 693 1254 lacrimae
722 1221 900 1254 omnibus
932 1219 1052 1253 fluere
1091 1229 1326 1266 coeperunt,
1365 1235 1438 1258 nec

76 1282 158 1326 ipse
186 1292 252 1314 rex
278 1281 397 1315 oculis
418 1289 630 1327 temperare
654 1282 793 1328 potuit.
843 1282 925 1326 (12)
953 1282 1055 1315 Tum
1072 1282 1225 1315 Coenus
1243 1295 1313 1329 pro
1334 1295 1439 1319 exer-

78 1343 156 1375 citu
183 1343 289 1379 dicit,
322 1353 360 1375 se
393 1350 544 1388 paratos
579 1344 734 1389 quidem
766 1354 845 1376 esse
869 1343 978 1388 sequi
1007 1355 1239 1388 quocunque
1262 1346 1438 1387 voluerit,

75 1403 142 1437 sed
174 1403 467 1449 amplitudinem
502 1405 581 1438 eius
618 1405 867 1438 consiliorum
912 1416 995 1437 non
1029 1415 1185 1449 capere,
1235 1407 1438 1441 exhaustos

75 1465 166 1511 ipsis
195 1465 383 1499 victoriis:
413 1476 527 1510 posse
558 1475 683 1511 regem
709 1465 757 1498 ad
789 1466 988 1499 Oceanum
1013 1476 1081 1511 per
1107 1472 1222 1499 terras
1249 1467 1298 1500 ad
1325 1470 1438 1503 Meri-

76 1527 180 1560 diem
204 1532 399 1571 vergentes
424 1534 638 1572 penetrare,
665 1527 695 1560 si
721 1528 831 1560 illum
854 1533 1040 1572 temptare
1066 1527 1206 1572 cupiat.
1259 1531 1341 1575 (13)
1368 1527 1463 1564 Ce-''

74 1590 146 1622 teri
175 1595 211 1621 et
237 1588 352 1621 duces
382 1594 418 1620 et
445 1588 585 1620 milites
616 1588 751 1620 Coeno
778 1588 919 1620 assensi
945 1599 1071 1633 regem
1087 1590 1266 1634 precibus
1290 1600 1439 1637 urgent,

77 1650 215 1695 quibus
241 1649 364 1682 victus
390 1648 437 1681 de
462 1648 647 1681 tribunali
676 1648 839 1685 desiluit.
869 1656 904 1681 et
930 1661 1016 1682 cum
1040 1660 1108 1694 per
1133 1650 1293 1684 biduum
1321 1653 1361 1685 in
1380 1665 1437 1686 re-

75 1713 134 1756 gia
162 1711 333 1744 inclusus
372 1710 500 1743 dolori
534 1721 573 1743 se
605 1710 781 1752 dedisset,
813 1711 930 1743 tertio
961 1710 1025 1743 die
1050 1717 1092 1743 ut
1118 1711 1185 1744 ille
1211 1709 1299 1746 finis
1327 1726 1440 1760 expe-

76 1772 235 1805 ditionis
269 1771 429 1804 Indicae
463 1771 683 1813 haberetur,
715 1772 787 1805 aris
825 1771 971 1817 positis,
1006 1772 1206 1806 concessit.
1268 1775 1362 1808 Inde
1388 1776 1438 1810 ad

76 1833 275 1866 Acesinem
302 1833 442 1878 (eoque
467 1841 670 1877 superato,
695 1835 730 1866 si
756 1833 875 1872 fidem
902 1832 1092 1866 historiae
1117 1838 1225 1880 sequi
1248 1838 1435 1881 volumus,
1465 1827 1468 1830 ⁴

75 1895 196 1927 etiam
223 1891 277 1925 ad
300 1892 523 1938 Hydaspen)
552 1900 588 1925 et
610 1895 767 1926 classem
795 1895 836 1926 in
861 1904 906 1926 eo
935 1901 1194 1928 constructam
1218 1899 1433 1933 revertitur.

74 1954 358 1999 supplementis
385 1954 551 1987 militum
577 1954 693 1987 domo
723 1954 922 1987 missorum
943 1963 1087 1997 auctus,
1113 1957 1214 1990 Poro
1244 1965 1281 1991 et
1300 1959 1437 1994 Taxile

73 2015 224 2060 tegibus
251 2016 350 2048 inter
373 2026 412 2048 se
442 2015 712 2052 reconciliatis.
736 2015 972 2061 urbibusque
989 2017 1135 2050 Nicaea
1160 2025 1196 2050 et
1211 2018 1437 2066 Bucephala

75 2076 271 2114 absolutis,
308 2088 396 2108 cum
429 2083 577 2121 partem
603 2077 788 2109 exercitus
826 2077 868 2110 in
894 2089 1007 2111 naves
1035 2079 1289 2124 imposuisset,
1318 2088 1354 2113 et
1378 2093 1436 2115 re-

72 2137 224 2182 liquum
250 2144 385 2182 agmen
421 2137 463 2170 in
492 2145 655 2183 utraque
686 2139 768 2183 ripa
803 2138 998 2184 proficisci
1041 2140 1229 2183 iussisset,
1263 2143 1435 2176 secundo

74 2209 187 2232 amne
226 2198 404 2242 navigare
433 2199 574 2244 coepit,
608 2201 755 2244 (mense
773 2199 869 2245 fere
898 2200 1061 2235 Octobri
1085 2216 1122 2235 a.
1162 2216 1198 2236 a.
1230 2203 1321 2237 Chr.
1350 2213 1433 2237 nac.

72 2262 153 2296 327.
183 2260 383 2304 exeunte.)

119 2318 202 2365 (14)
227 2322 338 2356 Circa
383 2319 620 2354 confluentes
654 2321 843 2368 Hydaspis
878 2330 915 2355 et
939 2323 1109 2357 Acesinis
1133 2324 1176 2358 in
1200 2323 1295 2359 fines
1323 2327 1435 2360 Sibo-

71 2393 157 2415 rum
184 2381 412 2419 decucurrit,
448 2381 542 2414 inde
567 2382 614 2415 ad
643 2384 757 2417 aliam
783 2392 936 2429 gentem
961 2386 1312 2431 (ligulas-sensium,
1341 2389 1436 2421 Dio-

72 2443 170 2476 doro
196 2445 312 2488 teste)
343 2444 460 2485 venit,
496 2444 602 2477 cuius
638 2445 770 2489 fugato
806 2446 972 2480 exercitu
998 2446 1144 2486 urbem,
1174 2456 1289 2494 caput
1312 2449 1435 2493 regio·

71 2504 142 2545 nis,
170 2504 332 2538 obsedit.
380 2505 473 2537 Eam
506 2506 578 2550 ipsi
609 2506 762 2540 incolae
785 2507 968 2541 incendio
998 2508 1142 2551 delent,
1172 2511 1250 2543 arci
1276 2518 1434 2556 propter

70 2564 184 2597 situm
223 2572 479 2610 opportunum
507 2567 722 2601 Alexander
751 2569 985 2614 praesidium
1030 2570 1211 2615 imponit.
1279 2571 1361 2615 (15)
1390 2571 1433 2602 ln

71 2625 356 2659 confluentibus
391 2628 505 2660 trium
529 2628 748 2672 fluminum,
772 2631 858 2664 Indi
884 2638 921 2664 et
945 2631 1132 2676 Hydaspis
1160 2643 1246 2665 cum
1271 2633 1433 2664 Acesine
