1703 2961
23 0 28 115 Ι

24 140 27 203 ξ
403 147 485 189 DE
516 144 723 188 GEsTis
754 145 921 188 ALEX.
948 145 1059 194 vm,
1083 142 1149 186 44.
1376 146 1452 187 291

24 234 66 304 i?
105 261 192 303 cuti
220 265 408 316 possent.
466 258 615 314 Ipsum
640 255 830 297 vehebat
855 255 1111 313 elephantus
1132 271 1263 312 super
1291 264 1457 299 ceteras

0 306 28 407 ¹⁷*
95 334 242 375 beluas
289 330 505 377 eminens,
553 343 762 385 armaque
801 342 911 370 auro
951 335 994 369 et
1030 335 1210 384 argento
1253 327 1455 370 distincta

95 418 255 459 corpus
294 417 416 443 rarae
453 399 764 457 magnitudinis
803 399 1112 442 honestabant.
1169 399 1256 440 Par
1284 400 1454 441 animus

91 475 244 516 robori
286 472 494 530 corporis,
533 479 577 513 et
614 478 777 529 quanta
828 472 944 514 inter
984 471 1115 514 rudes
1149 476 1326 528 poterat
1363 488 1452 514 esse

90 547 314 603 sapientia.

2 621 60 672 1⁸18
173 618 443 660 Macedonas
482 631 572 657 non
621 622 882 672 conspectus
927 614 1122 658 hostiurn
1169 614 1332 666 solum,
1375 616 1515 659 sed45

24 674 27 712 ἰ
92 689 225 731 etiam
257 688 470 739 fluminis,
506 688 625 744 quod
662 688 980 728 transeundum
1031 695 1147 737 erat,
1192 687 1451 745 magnitudo

24 719 27 780 i
91 761 297 802 terrebat.
377 760 603 815 Quattuor
650 759 695 802 in
739 759 1018 801 latitudinem
1055 760 1194 802 stadia
1230 759 1452 808 diffusum,

89 831 311 889 profundo
355 832 492 881 alveo,
531 839 575 874 et
613 847 829 889 nusquam
858 832 969 873 vada
999 831 1230 886 aperiente,
1261 832 1452 888 speciem

34 915 60 948 9
90 903 197 945 vasti
246 903 381 945 maris
425 903 602 946 fecerat.
680 905 775 946 Nec
812 918 894 960 pro
934 903 1075 960 spatio
1113 918 1330 960 aquarum
1368 904 1454 946 late

90 975 386 1032 stagnantium
427 976 643 1031 impetum
689 976 944 1027 coercebat3
982 975 1058 1016 sed
1088 975 1209 1032 quasi
1235 975 1280 1017 in
1307 983 1454 1017 artum

90 1048 350 1090 coeuntibus
382 1047 499 1103 ripis,
539 1057 709 1089 torrens
749 1055 792 1089 et
823 1047 948 1088 elisus
975 1045 1218 1087 ferebatur:
1261 1048 1456 1090 occulta-

90 1135 175 1177 que
207 1134 305 1160 saxa
339 1118 477 1160 inesse
513 1120 806 1162 ostendebant
845 1118 1043 1174 pluribus
1081 1118 1189 1160 locis
1218 1119 1363 1161 undae
1390 1135 1457 1161 re-

0 1204 75 1230 :to
90 1205 332 1248 percussae.
402 1190 660 1233 Terribilior
699 1198 794 1232 erat
835 1189 968 1232 facies
998 1189 1141 1246 ripae,
1178 1205 1313 1248 quam
1356 1191 1454 1247 equi

88 1263 256 1319 virique
314 1261 657 1318 compleverant.
737 1262 924 1305 Stabant
981 1262 1177 1317 ingentes
1227 1269 1454 1304 vastorum

90 1349 332 1391 corporum
372 1333 533 1383 moles,
573 1341 617 1375 et
657 1335 712 1376 de
745 1333 956 1375 industria
997 1333 1191 1376 irritatae
1227 1334 1455 1377 horrendo

0 1425 4 1447 ι
33 1421 69 1446 tl·
88 1407 274 1449 stridore
305 1408 459 1447 aures¹
494 1404 749 1461 satigabant.
811 1405 925 1448 Hinc
954 1406 1105 1456 amnis,
1148 1406 1253 1449 hinc
1283 1406 1452 1448 hostis²

92 1480 269 1536 capacia
310 1478 490 1535 quidem
527 1477 671 1519 bonae
707 1478 799 1534 spei
845 1485 1027 1535 pectora
1065 1485 1108 1520 et
1139 1494 1267 1535 saepe
1306 1494 1351 1520 se
1389 1495 1458 1520 ex-

90 1560 213 1607 perta
251 1550 490 1607 improviso
524 1556 678 1590 tamen
703 1564 866 1605 pavore
893 1557 1214 1607 percusserant.
1279 1551 1457 1608 Quippe

89 1624 309 1667 instabiles
337 1629 451 1663 rates
478 1637 560 1663 nec
593 1621 716 1677 dirigi
749 1621 803 1662 ad
833 1621 986 1676 ripam,
1018 1638 1100 1664 nec
1124 1630 1222 1663 tuto
1249 1622 1456 1679 applicari

2 1722 10 1728 -
34 1715 74 1739 [2
89 1712 216 1754 posse
247 1694 500 1737 credebant.
566 1693 709 1734 Erant
744 1692 790 1733 in
827 1694 974 1734 medio
1013 1709 1144 1735 amne
1174 1694 1338 1749 insulae
1367 1709 1459 1736 cre·

88 1770 209 1816 brae,
233 1768 278 1808 in
308 1781 415 1824 quas
442 1772 486 1807 et
508 1764 607 1806 Indi
638 1772 682 1807 et
711 1765 982 1807 Macedones
1010 1773 1178 1817 nantes,
1208 1766 1356 1808 levatis
1384 1782 1456 1808 su-

88 1856 170 1898 per
202 1839 346 1896 capita
377 1838 522 1888 armis,
554 1837 809 1879 transibant.
868 1837 936 1878 Ibi
966 1837 1073 1880 levia
1106 1838 1272 1895 proelia
1304 1854 1455 1881 conse-

89 1913 321 1961 rebantur,
339 1911 357 1938 3
388 1917 432 1952 et
459 1916 644 1966 uterque
674 1923 748 1953 rex
777 1923 938 1965 parvae
966 1909 1028 1950 rei
1061 1910 1313 1952 discrimine
1342 1926 1460 1952 sum-

60 2000 191 2031 3mae
220 1982 526 2040 experiebatur
559 1989 780 2026 eventum.
842 1978 1052 2022 Ceterum
1088 1981 1132 2022 in
1154 1982 1458 2024 Macedonum

92 2055 283 2098 exercitu
315 2054 564 2096 temeritate
597 2062 728 2110 atque
759 2052 941 2094 audacia
973 2053 1160 2110 insignes
1189 2053 1311 2095 fuere
1331 2054 1457 2112 Sym-

90 2129 276 2173 machus
305 2134 349 2169 et
379 2126 591 2177 Nicanor,
619 2125 787 2166 nobiles
826 2125 1013 2174 iuvenes,
1046 2132 1090 2166 et
1118 2133 1331 2182 perpetua
1361 2142 1458 2182 par-

91 2202 203 2243 tium
236 2199 443 2241 felicitate
482 2199 538 2239 ad
587 2197 885 2255 spernendum
926 2211 1060 2238 omne
1097 2197 1341 2253 periculum
1389 2213 1458 2239 ac-

53 2273 221 2317 4censi.
293 2271 403 2327 Quis
446 2270 631 2323 ducibus
667 2268 985 2326 promptissimi
1038 2269 1245 2311 iuvenum
1298 2269 1457 2310 lanceis

93 2344 230 2386 modo
269 2343 426 2385 armati
463 2349 744 2384 transnavere
783 2342 828 2383 in
859 2341 1059 2389 insulam,
1092 2357 1225 2399 quam
1252 2341 1458 2398 frequens

91 2415 229 2457 hostis
259 2416 457 2465 tenebat3
501 2415 750 2471 multosque
776 2414 1013 2462 Indorum,
1043 2413 1160 2456 nulla
1188 2429 1235 2455 re
1266 2413 1458 2454 melius4

37 2503 75 2533 ιε
93 2503 226 2545 quam
238 2487 418 2530 audacia
431 2487 600 2537 armati,
614 2487 948 2528 interemerunt.
976 2486 1112 2528 Abire
1125 2502 1226 2529 cum
1237 2485 1370 2544 gloria
1381 2500 1459 2542 po-

95 2647 113 2672 1
140 2657 260 2681 auras.
311 2646 329 2672 2
356 2646 447 2681 hinc
461 2645 594 2689 hostis,
615 2646 710 2681 hinc
738 2644 874 2681 amnis.
924 2644 942 2675 3
962 2645 1229 2680 conserebant.
1279 2643 1302 2676 4
1325 2642 1455 2688 magis.

1096 2709 1133 2748 T
1163 2708 1188 2745 2
