<?xml version="1.0" encoding="UTF-8"?>
<!DOCTYPE html PUBLIC "-//W3C//DTD XHTML 1.0 Transitional//EN"
    "http://www.w3.org/TR/xhtml1/DTD/xhtml1-transitional.dtd">
<html xmlns="http://www.w3.org/1999/xhtml" xml:lang="en" lang="en">
 <head>
  <title>
</title>
<meta http-equiv="Content-Type" content="text/html;charset=utf-8" />
  <meta name='ocr-system' content='tesseract 3.04.00' />
  <meta name='ocr-capabilities' content='ocr_page ocr_carea ocr_par ocr_line ocrx_word'/>
</head>
<body>
  <div class='ocr_page' id='page_1' title='image "./degestisalexandr00curtuoft_0277.png"; bbox 0 0 1703 2961; ppageno 0'>
   <div class='ocr_carea' id='block_1_1' title="bbox 409 86 1473 150">
    <p class='ocr_par' dir='ltr' id='par_1_1' title="bbox 409 86 1473 150">
     <span class='ocr_line' id='line_1_1' title="bbox 409 86 1473 150; baseline 0 -10"><span class='ocrx_word' id='word_1_1' title='bbox 409 98 492 140; x_wconf 80' lang='lat' dir='ltr'>DE</span> <span class='ocrx_word' id='word_1_2' title='bbox 524 96 731 140; x_wconf 73' lang='lat' dir='ltr'>Gsss&#39;ms</span> <span class='ocrx_word' id='word_1_3' title='bbox 756 86 923 140; x_wconf 77' lang='lat' dir='ltr'>ALEx.</span> <span class='ocrx_word' id='word_1_4' title='bbox 956 98 1050 150; x_wconf 81' lang='lat' dir='ltr'>vu,</span> <span class='ocrx_word' id='word_1_5' title='bbox 1076 95 1139 139; x_wconf 80' lang='lat'>14.</span> <span class='ocrx_word' id='word_1_6' title='bbox 1392 100 1473 141; x_wconf 74' lang='lat'>213</span> 
     </span>
    </p>
   </div>
   <div class='ocr_carea' id='block_1_2' title="bbox 78 209 1463 338">
    <p class='ocr_par' dir='ltr' id='par_1_2' title="bbox 78 209 1463 338">
     <span class='ocr_line' id='line_1_2' title="bbox 78 209 1463 269; baseline 0.001 -18"><span class='ocrx_word' id='word_1_7' title='bbox 78 215 82 217; x_wconf 68' lang='grc'><strong>’</strong></span> <span class='ocrx_word' id='word_1_8' title='bbox 114 211 234 266; x_wconf 78' lang='lat' dir='ltr'>largo</span> <span class='ocrx_word' id='word_1_9' title='bbox 272 218 497 252; x_wconf 86' lang='lat' dir='ltr'>recreatus</span> <span class='ocrx_word' id='word_1_10' title='bbox 534 209 765 252; x_wconf 87' lang='lat' dir='ltr'>exercitus:</span> <span class='ocrx_word' id='word_1_11' title='bbox 793 209 919 250; x_wconf 87' lang='lat' dir='ltr'>simul</span> <span class='ocrx_word' id='word_1_12' title='bbox 951 218 993 252; x_wconf 90' lang='lat' dir='ltr'>et</span> <span class='ocrx_word' id='word_1_13' title='bbox 1027 211 1099 267; x_wconf 84' lang='lat' dir='ltr'>qui</span> <span class='ocrx_word' id='word_1_14' title='bbox 1133 211 1340 269; x_wconf 87' lang='lat' dir='ltr'><strong>consequi</strong></span> <span class='ocrx_word' id='word_1_15' title='bbox 1373 226 1463 253; x_wconf 90' lang='lat' dir='ltr'>non</span> 
     </span>
     <span class='ocr_line' id='line_1_3' title="bbox 109 282 972 338; baseline -0.005 -15"><span class='ocrx_word' id='word_1_16' title='bbox 109 289 361 338; x_wconf 83' lang='lat' dir='ltr'>potuerant,</span> <span class='ocrx_word' id='word_1_17' title='bbox 402 282 446 323; x_wconf 92' lang='lat' dir='ltr'>in</span> <span class='ocrx_word' id='word_1_18' title='bbox 476 282 543 323; x_wconf 89' lang='lat' dir='ltr'>illa</span> <span class='ocrx_word' id='word_1_19' title='bbox 576 288 714 323; x_wconf 88' lang='lat' dir='ltr'>castra</span> <span class='ocrx_word' id='word_1_20' title='bbox 745 289 972 323; x_wconf 72' lang='lat' dir='ltr'>venerunt.</span> 
     </span>
    </p>
   </div>
   <div class='ocr_carea' id='block_1_3' title="bbox 0 380 1521 1370">
    <p class='ocr_par' dir='ltr' id='par_1_3' title="bbox 45 380 1521 654">
     <span class='ocr_line' id='line_1_4' title="bbox 45 380 1521 439; baseline 0.001 -17"><span class='ocrx_word' id='word_1_21' title='bbox 45 393 91 422; x_wconf 84' lang='lat'>19</span> <span class='ocrx_word' id='word_1_22' title='bbox 190 381 298 422; x_wconf 92' lang='lat' dir='ltr'>Inde</span> <span class='ocrx_word' id='word_1_23' title='bbox 336 397 492 439; x_wconf 75' lang='lat' dir='ltr'>agmen</span> <span class='ocrx_word' id='word_1_24' title='bbox 529 381 738 436; x_wconf 83' lang='lat' dir='ltr'><strong>processit</strong></span> <span class='ocrx_word' id='word_1_25' title='bbox 780 381 835 422; x_wconf 86' lang='lat' dir='ltr'>ad</span> <span class='ocrx_word' id='word_1_26' title='bbox 867 380 1115 424; x_wconf 81' lang='lat' dir='ltr'>Caucasum</span> <span class='ocrx_word' id='word_1_27' title='bbox 1146 389 1362 432; x_wconf 89' lang='lat' dir='ltr'>montem,</span> <span class='ocrx_word' id='word_1_28' title='bbox 1387 383 1521 428; x_wconf 66' lang='grc' dir='ltr'><strong>(τυ-14</strong></span> 
     </span>
     <span class='ocr_line' id='line_1_5' title="bbox 103 451 1460 510; baseline 0.001 -17"><span class='ocrx_word' id='word_1_29' title='bbox 103 451 170 494; x_wconf 85' lang='lat' dir='ltr'>ius</span> <span class='ocrx_word' id='word_1_30' title='bbox 201 453 381 494; x_wconf 88' lang='lat' dir='ltr'>dorsum</span> <span class='ocrx_word' id='word_1_31' title='bbox 419 454 567 495; x_wconf 80' lang='lat' dir='ltr'>Asiam</span> <span class='ocrx_word' id='word_1_32' title='bbox 606 458 822 510; x_wconf 83' lang='lat' dir='ltr'>perpetuo</span> <span class='ocrx_word' id='word_1_33' title='bbox 869 453 968 508; x_wconf 75' lang='lat' dir='ltr'>iugo</span> <span class='ocrx_word' id='word_1_34' title='bbox 1001 451 1171 494; x_wconf 89' lang='lat' dir='ltr'>dividit:</span> <span class='ocrx_word' id='word_1_35' title='bbox 1200 453 1304 495; x_wconf 89' lang='lat' dir='ltr'>hinc</span> <span class='ocrx_word' id='word_1_36' title='bbox 1332 454 1460 495; x_wconf 90' lang='lat' dir='ltr'>simul</span> 
     </span>
     <span class='ocr_line' id='line_1_6' title="bbox 103 523 1462 580; baseline 0.003 -16"><span class='ocrx_word' id='word_1_37' title='bbox 103 539 239 572; x_wconf 79' lang='lat' dir='ltr'>mare,</span> <span class='ocrx_word' id='word_1_38' title='bbox 271 525 390 580; x_wconf 84' lang='lat' dir='ltr'>quod</span> <span class='ocrx_word' id='word_1_39' title='bbox 419 525 619 566; x_wconf 85' lang='lat' dir='ltr'>Ciliciam</span> <span class='ocrx_word' id='word_1_40' title='bbox 650 524 781 573; x_wconf 85' lang='lat' dir='ltr'>subit,</span> <span class='ocrx_word' id='word_1_41' title='bbox 818 525 934 566; x_wconf 92' lang='lat' dir='ltr'>illinc</span> <span class='ocrx_word' id='word_1_42' title='bbox 980 523 1189 580; x_wconf 82' lang='lat' dir='ltr'>Caspium</span> <span class='ocrx_word' id='word_1_43' title='bbox 1217 526 1382 568; x_wconf 88' lang='lat' dir='ltr'>fretum</span> <span class='ocrx_word' id='word_1_44' title='bbox 1419 535 1462 568; x_wconf 85' lang='lat' dir='ltr'>et</span> 
     </span>
     <span class='ocr_line' id='line_1_7' title="bbox 103 595 1459 654; baseline 0.003 -18"><span class='ocrx_word' id='word_1_45' title='bbox 103 610 282 636; x_wconf 86' lang='lat' dir='ltr'>amnem</span> <span class='ocrx_word' id='word_1_46' title='bbox 337 597 526 637; x_wconf 82' lang='lat' dir='ltr'>Araxem</span> <span class='ocrx_word' id='word_1_47' title='bbox 583 597 751 654; x_wconf 89' lang='lat' dir='ltr'>aliaque</span> <span class='ocrx_word' id='word_1_48' title='bbox 800 595 988 653; x_wconf 75' lang='lat' dir='ltr'>regionis</span> <span class='ocrx_word' id='word_1_49' title='bbox 1036 595 1241 654; x_wconf 87' lang='lat' dir='ltr'>Scythiae</span> <span class='ocrx_word' id='word_1_50' title='bbox 1291 598 1459 640; x_wconf 86' lang='lat' dir='ltr'>deserta</span> 
     </span>
    </p>

    <p class='ocr_par' dir='ltr' id='par_1_4' title="bbox 38 668 1461 798">
     <span class='ocr_line' id='line_1_8' title="bbox 38 668 1461 726; baseline 0.004 -18"><span class='ocrx_word' id='word_1_51' title='bbox 38 675 284 724; x_wconf 84' lang='lat' dir='ltr'>20spectat.</span> <span class='ocrx_word' id='word_1_52' title='bbox 342 668 526 716; x_wconf 81' lang='lat' dir='ltr'>Taurus,</span> <span class='ocrx_word' id='word_1_53' title='bbox 564 669 782 710; x_wconf 88' lang='lat' dir='ltr'>secundae</span> <span class='ocrx_word' id='word_1_54' title='bbox 815 668 1128 726; x_wconf 76' lang='lat' dir='ltr'>magnitudinis</span> <span class='ocrx_word' id='word_1_55' title='bbox 1158 683 1300 720; x_wconf 87' lang='lat' dir='ltr'>mons,</span> <span class='ocrx_word' id='word_1_56' title='bbox 1342 686 1461 712; x_wconf 82' lang='lat' dir='ltr'>com·</span> 
     </span>
     <span class='ocr_line' id='line_1_9' title="bbox 100 738 1460 798; baseline 0.003 -19"><span class='ocrx_word' id='word_1_57' title='bbox 100 740 291 780; x_wconf 80' lang='lat' dir='ltr'>mittitur</span> <span class='ocrx_word' id='word_1_58' title='bbox 329 738 545 790; x_wconf 82' lang='lat' dir='ltr'>Caucaso,</span> <span class='ocrx_word' id='word_1_59' title='bbox 581 756 603 781; x_wconf 90' lang='lat' dir='ltr'>a</span> <span class='ocrx_word' id='word_1_60' title='bbox 634 739 921 798; x_wconf 87' lang='lat' dir='ltr'>Cappadocia</span> <span class='ocrx_word' id='word_1_61' title='bbox 955 754 999 780; x_wconf 84' lang='lat' dir='ltr'>se</span> <span class='ocrx_word' id='word_1_62' title='bbox 1026 739 1226 783; x_wconf 86' lang='lat' dir='ltr'>attollens</span> <span class='ocrx_word' id='word_1_63' title='bbox 1256 740 1460 786; x_wconf 84' lang='lat' dir='ltr'>Ciliciam</span> 
     </span>
    </p>

    <p class='ocr_par' dir='ltr' id='par_1_5' title="bbox 38 810 1462 1085">
     <span class='ocr_line' id='line_1_10' title="bbox 38 810 1461 870; baseline 0.004 -20"><span class='ocrx_word' id='word_1_64' title='bbox 38 821 85 844; x_wconf 87' lang='lat'>21</span> <span class='ocrx_word' id='word_1_65' title='bbox 101 810 324 867; x_wconf 86' lang='lat' dir='ltr'>praeterit,</span> <span class='ocrx_word' id='word_1_66' title='bbox 365 812 690 870; x_wconf 85' lang='lat' dir='ltr'>Armeniaeque</span> <span class='ocrx_word' id='word_1_67' title='bbox 725 812 951 853; x_wconf 88' lang='lat' dir='ltr'>montibus</span> <span class='ocrx_word' id='word_1_68' title='bbox 988 810 1191 868; x_wconf 77' lang='lat' dir='ltr'>iungitur.</span> <span class='ocrx_word' id='word_1_69' title='bbox 1247 813 1318 855; x_wconf 91' lang='lat' dir='ltr'>Sic</span> <span class='ocrx_word' id='word_1_70' title='bbox 1348 814 1461 855; x_wconf 88' lang='lat' dir='ltr'>inter</span> 
     </span>
     <span class='ocr_line' id='line_1_11' title="bbox 99 880 1462 940; baseline 0.004 -18"><span class='ocrx_word' id='word_1_71' title='bbox 99 897 143 923; x_wconf 89' lang='lat' dir='ltr'>se</span> <span class='ocrx_word' id='word_1_72' title='bbox 170 882 295 938; x_wconf 71' lang='lat' dir='ltr'>iuga¹</span> <span class='ocrx_word' id='word_1_73' title='bbox 339 883 456 925; x_wconf 87' lang='lat' dir='ltr'>velut</span> <span class='ocrx_word' id='word_1_74' title='bbox 503 884 611 926; x_wconf 85' lang='lat' dir='ltr'>serie</span> <span class='ocrx_word' id='word_1_75' title='bbox 661 880 940 936; x_wconf 66' lang='lat' dir='ltr'>cohaerentia</span> <span class='ocrx_word' id='word_1_76' title='bbox 988 891 1254 940; x_wconf 88' lang='lat' dir='ltr'>perpetuum</span> <span class='ocrx_word' id='word_1_77' title='bbox 1295 884 1462 927; x_wconf 89' lang='lat' dir='ltr'>habent</span> 
     </span>
     <span class='ocr_line' id='line_1_12' title="bbox 101 950 1460 1013; baseline 0.004 -19"><span class='ocrx_word' id='word_1_78' title='bbox 101 954 402 1003; x_wconf 82' lang='lat' dir='ltr'>dorsum‚-ex</span> <span class='ocrx_word' id='word_1_79' title='bbox 437 972 524 1013; x_wconf 84' lang='lat' dir='ltr'>quo</span> <span class='ocrx_word' id='word_1_80' title='bbox 562 955 689 998; x_wconf 87' lang='lat' dir='ltr'>Asiae</span> <span class='ocrx_word' id='word_1_81' title='bbox 729 954 878 995; x_wconf 90' lang='lat' dir='ltr'>omnia</span> <span class='ocrx_word' id='word_1_82' title='bbox 917 954 1010 996; x_wconf 88' lang='lat' dir='ltr'>fere</span> <span class='ocrx_word' id='word_1_83' title='bbox 1052 954 1256 1008; x_wconf 82' lang='lat' dir='ltr'>flumina,</span> <span class='ocrx_word' id='word_1_84' title='bbox 1293 957 1376 999; x_wconf 82' lang='lat' dir='ltr'>alia</span> <span class='ocrx_word' id='word_1_85' title='bbox 1414 950 1460 999; x_wconf 89' lang='lat' dir='ltr'>in</span> 
     </span>
     <span class='ocr_line' id='line_1_13' title="bbox 118 1025 1457 1085; baseline 0.002 -18"><span class='ocrx_word' id='word_1_86' title='bbox 118 1025 324 1075; x_wconf 43' lang='lat' dir='ltr'>Rubrum,</span> <span class='ocrx_word' id='word_1_87' title='bbox 357 1028 437 1069; x_wconf 85' lang='lat' dir='ltr'>alia</span> <span class='ocrx_word' id='word_1_88' title='bbox 478 1029 523 1070; x_wconf 90' lang='lat' dir='ltr'>in</span> <span class='ocrx_word' id='word_1_89' title='bbox 562 1026 774 1082; x_wconf 89' lang='lat' dir='ltr'>Caspium</span> <span class='ocrx_word' id='word_1_90' title='bbox 809 1040 947 1074; x_wconf 89' lang='lat' dir='ltr'>mare,</span> <span class='ocrx_word' id='word_1_91' title='bbox 979 1025 1059 1067; x_wconf 91' lang='lat' dir='ltr'>alia</span> <span class='ocrx_word' id='word_1_92' title='bbox 1081 1027 1126 1068; x_wconf 90' lang='lat' dir='ltr'>in</span> <span class='ocrx_word' id='word_1_93' title='bbox 1150 1028 1457 1085; x_wconf 85' lang='lat' dir='ltr'>Hyrcanium²</span> 
     </span>
    </p>

    <p class='ocr_par' dir='ltr' id='par_1_6' title="bbox 0 1097 1459 1154">
     <span class='ocr_line' id='line_1_14' title="bbox 0 1097 1459 1154; baseline 0.004 -17"><span class='ocrx_word' id='word_1_94' title='bbox 0 1100 2 1121; x_wconf 66' lang='lat'>³</span> <span class='ocrx_word' id='word_1_95' title='bbox 34 1105 84 1130; x_wconf 82' lang='lat'>22</span> <span class='ocrx_word' id='word_1_96' title='bbox 98 1104 141 1138; x_wconf 89' lang='lat' dir='ltr'>et</span> <span class='ocrx_word' id='word_1_97' title='bbox 169 1097 404 1138; x_wconf 88' lang='lat' dir='ltr'>Ponticum</span> <span class='ocrx_word' id='word_1_98' title='bbox 437 1099 660 1140; x_wconf 90' lang='lat' dir='ltr'>decidunt.</span> <span class='ocrx_word' id='word_1_99' title='bbox 722 1110 810 1138; x_wconf 81' lang='lat' dir='ltr'>xvu</span> <span class='ocrx_word' id='word_1_100' title='bbox 841 1097 1014 1139; x_wconf 92' lang='lat' dir='ltr'>dierum</span> <span class='ocrx_word' id='word_1_101' title='bbox 1045 1100 1185 1154; x_wconf 85' lang='lat' dir='ltr'>spatio</span> <span class='ocrx_word' id='word_1_102' title='bbox 1209 1098 1459 1142; x_wconf 88' lang='lat' dir='ltr'>Caucasum</span> 
     </span>
    </p>

    <p class='ocr_par' dir='ltr' id='par_1_7' title="bbox 97 1167 1460 1296">
     <span class='ocr_line' id='line_1_15' title="bbox 97 1167 1460 1225; baseline 0.004 -17"><span class='ocrx_word' id='word_1_103' title='bbox 97 1168 316 1225; x_wconf 84' lang='lat' dir='ltr'>superavit</span> <span class='ocrx_word' id='word_1_104' title='bbox 348 1168 573 1210; x_wconf 85' lang='lat' dir='ltr'>exercitus.</span> <span class='ocrx_word' id='word_1_105' title='bbox 640 1169 790 1225; x_wconf 87' lang='lat' dir='ltr'>Rupes</span> <span class='ocrx_word' id='word_1_106' title='bbox 825 1167 871 1209; x_wconf 87' lang='lat' dir='ltr'>in</span> <span class='ocrx_word' id='word_1_107' title='bbox 914 1184 967 1210; x_wconf 91' lang='lat' dir='ltr'>eo</span> <span class='ocrx_word' id='word_1_108' title='bbox 997 1183 1024 1210; x_wconf 86' lang='lat' dir='ltr'><strong>x</strong></span> <span class='ocrx_word' id='word_1_109' title='bbox 1052 1170 1094 1211; x_wconf 94' lang='lat' dir='ltr'>in</span> <span class='ocrx_word' id='word_1_110' title='bbox 1124 1170 1345 1213; x_wconf 84' lang='lat' dir='ltr'>circuitu3</span> <span class='ocrx_word' id='word_1_111' title='bbox 1378 1180 1460 1214; x_wconf 89' lang='lat' dir='ltr'>sta-</span> 
     </span>
     <span class='ocr_line' id='line_1_16' title="bbox 97 1238 1457 1296; baseline 0.003 -15"><span class='ocrx_word' id='word_1_112' title='bbox 97 1240 167 1281; x_wconf 85' lang='lat' dir='ltr'>dia</span> <span class='ocrx_word' id='word_1_113' title='bbox 199 1238 524 1296; x_wconf 86' lang='lat' dir='ltr'>complectitur,</span> <span class='ocrx_word' id='word_1_114' title='bbox 561 1246 770 1295; x_wconf 87' lang='lat' dir='ltr'>quattuor</span> <span class='ocrx_word' id='word_1_115' title='bbox 807 1239 852 1280; x_wconf 91' lang='lat' dir='ltr'>in</span> <span class='ocrx_word' id='word_1_116' title='bbox 896 1241 1172 1286; x_wconf 84' lang='lat' dir='ltr'>altitudinem</span> <span class='ocrx_word' id='word_1_117' title='bbox 1202 1244 1386 1292; x_wconf 81' lang='lat' dir='ltr'>excedit,</span> <span class='ocrx_word' id='word_1_118' title='bbox 1413 1245 1457 1286; x_wconf 89' lang='lat' dir='ltr'>in</span> 
     </span>
    </p>

    <p class='ocr_par' dir='ltr' id='par_1_8' title="bbox 27 1310 1459 1370">
     <span class='ocr_line' id='line_1_17' title="bbox 27 1310 1459 1370; baseline 0.006 -21"><span class='ocrx_word' id='word_1_119' title='bbox 27 1319 75 1349; x_wconf 84' lang='lat'>23</span> <span class='ocrx_word' id='word_1_120' title='bbox 94 1327 177 1370; x_wconf 90' lang='lat' dir='ltr'>qua</span> <span class='ocrx_word' id='word_1_121' title='bbox 210 1311 407 1353; x_wconf 78' lang='lat' dir='ltr'>vinctum</span> <span class='ocrx_word' id='word_1_122' title='bbox 424 1311 688 1352; x_wconf 85' lang='lat' dir='ltr'>Promethea</span> <span class='ocrx_word' id='word_1_123' title='bbox 715 1310 845 1351; x_wconf 85' lang='lat' dir='ltr'>fuisse</span> <span class='ocrx_word' id='word_1_124' title='bbox 875 1312 1111 1370; x_wconf 86' lang='lat' dir='ltr'>antiquitas</span> <span class='ocrx_word' id='word_1_125' title='bbox 1141 1315 1286 1357; x_wconf 86' lang='lat' dir='ltr'>tradit.</span> <span class='ocrx_word' id='word_1_126' title='bbox 1339 1314 1459 1358; x_wconf 83' lang='lat' dir='ltr'>Con-</span> 
     </span>
    </p>
   </div>
   <div class='ocr_carea' id='block_1_4' title="bbox 0 0 32 2602">
    <p class='ocr_par' dir='ltr' id='par_1_9' title="bbox 0 0 32 2602">
     <span class='ocr_line' id='line_1_18' title="bbox 0 0 32 2602; baseline 0 0"><span class='ocrx_word' id='word_1_127' title='bbox 0 0 32 2602; x_wconf 95' lang='lat' dir='ltr'> </span> 
     </span>
    </p>
   </div>
   <div class='ocr_carea' id='block_1_5' title="bbox 92 1382 1455 1728">
    <p class='ocr_par' dir='ltr' id='par_1_10' title="bbox 92 1382 1455 1728">
     <span class='ocr_line' id='line_1_19' title="bbox 96 1382 1455 1430; baseline 0.004 -5"><span class='ocrx_word' id='word_1_128' title='bbox 96 1383 266 1425; x_wconf 88' lang='lat' dir='ltr'>dendae</span> <span class='ocrx_word' id='word_1_129' title='bbox 295 1382 340 1423; x_wconf 89' lang='lat' dir='ltr'>in</span> <span class='ocrx_word' id='word_1_130' title='bbox 366 1382 588 1423; x_wconf 87' lang='lat' dir='ltr'>radicibus</span> <span class='ocrx_word' id='word_1_131' title='bbox 623 1382 787 1423; x_wconf 88' lang='lat' dir='ltr'>montis</span> <span class='ocrx_word' id='word_1_132' title='bbox 813 1383 911 1424; x_wconf 84' lang='lat' dir='ltr'>urbi</span> <span class='ocrx_word' id='word_1_133' title='bbox 940 1384 1063 1425; x_wconf 85' lang='lat' dir='ltr'>sedes</span> <span class='ocrx_word' id='word_1_134' title='bbox 1094 1384 1230 1427; x_wconf 78' lang='lat' dir='ltr'>electa</span> <span class='ocrx_word' id='word_1_135' title='bbox 1260 1396 1337 1429; x_wconf 88' lang='lat' dir='ltr'>est.</span> <span class='ocrx_word' id='word_1_136' title='bbox 1398 1401 1455 1430; x_wconf 79' lang='lat' dir='ltr'>vu</span> 
     </span>
     <span class='ocr_line' id='line_1_20' title="bbox 94 1454 1453 1512; baseline 0.003 -16"><span class='ocrx_word' id='word_1_137' title='bbox 94 1455 269 1497; x_wconf 91' lang='lat' dir='ltr'>milibus</span> <span class='ocrx_word' id='word_1_138' title='bbox 301 1454 524 1496; x_wconf 88' lang='lat' dir='ltr'>seniorum</span> <span class='ocrx_word' id='word_1_139' title='bbox 561 1454 862 1496; x_wconf 85' lang='lat' dir='ltr'>Macedonum</span> <span class='ocrx_word' id='word_1_140' title='bbox 894 1461 937 1495; x_wconf 91' lang='lat' dir='ltr'>et</span> <span class='ocrx_word' id='word_1_141' title='bbox 975 1463 1201 1512; x_wconf 83' lang='lat' dir='ltr'>praeterea</span> <span class='ocrx_word' id='word_1_142' title='bbox 1231 1459 1453 1509; x_wconf 87' lang='lat' dir='ltr'>militibus,</span> 
     </span>
     <span class='ocr_line' id='line_1_21' title="bbox 92 1526 1455 1585; baseline 0.003 -18"><span class='ocrx_word' id='word_1_143' title='bbox 92 1541 285 1585; x_wconf 90' lang='lat' dir='ltr'>quorum</span> <span class='ocrx_word' id='word_1_144' title='bbox 317 1541 452 1582; x_wconf 89' lang='lat' dir='ltr'>opera</span> <span class='ocrx_word' id='word_1_145' title='bbox 481 1526 545 1567; x_wconf 88' lang='lat' dir='ltr'>uti</span> <span class='ocrx_word' id='word_1_146' title='bbox 587 1526 790 1574; x_wconf 86' lang='lat' dir='ltr'>desisset,</span> <span class='ocrx_word' id='word_1_147' title='bbox 826 1526 1087 1582; x_wconf 88' lang='lat' dir='ltr'>permissum</span> <span class='ocrx_word' id='word_1_148' title='bbox 1118 1527 1163 1569; x_wconf 90' lang='lat' dir='ltr'>in</span> <span class='ocrx_word' id='word_1_149' title='bbox 1192 1544 1355 1573; x_wconf 82' lang='lat' dir='ltr'>novam</span> <span class='ocrx_word' id='word_1_150' title='bbox 1386 1545 1455 1572; x_wconf 89' lang='lat' dir='ltr'>ur-</span> 
     </span>
     <span class='ocr_line' id='line_1_22' title="bbox 93 1597 1454 1655; baseline 0.004 -15"><span class='ocrx_word' id='word_1_151' title='bbox 93 1598 198 1640; x_wconf 83' lang='lat' dir='ltr'>hem</span> <span class='ocrx_word' id='word_1_152' title='bbox 240 1597 478 1640; x_wconf 91' lang='lat' dir='ltr'>considere.</span> <span class='ocrx_word' id='word_1_153' title='bbox 553 1597 679 1639; x_wconf 90' lang='lat' dir='ltr'>Hanc</span> <span class='ocrx_word' id='word_1_154' title='bbox 721 1613 898 1655; x_wconf 88' lang='lat' dir='ltr'>quoque</span> <span class='ocrx_word' id='word_1_155' title='bbox 938 1599 1245 1642; x_wconf 83' lang='lat' dir='ltr'>Alexandriam</span> <span class='ocrx_word' id='word_1_156' title='bbox 1285 1602 1454 1646; x_wconf 87' lang='lat' dir='ltr'>incolae</span> 
     </span>
     <span class='ocr_line' id='line_1_23' title="bbox 92 1670 431 1728; baseline -0.006 -16"><span class='ocrx_word' id='word_1_157' title='bbox 92 1670 431 1728; x_wconf 86' lang='lat' dir='ltr'>appellaverunt.</span> 
     </span>
    </p>
   </div>
   <div class='ocr_carea' id='block_1_6' title="bbox 24 1769 1514 2474">
    <p class='ocr_par' dir='ltr' id='par_1_11' title="bbox 24 1769 1514 1971">
     <span class='ocr_line' id='line_1_24' title="bbox 24 1769 1514 1832; baseline 0.003 -18"><span class='ocrx_word' id='word_1_158' title='bbox 24 1783 80 1815; x_wconf 81' lang='lat' dir='ltr'>lv.</span> <span class='ocrx_word' id='word_1_159' title='bbox 175 1771 235 1813; x_wconf 86' lang='lat' dir='ltr'>At</span> <span class='ocrx_word' id='word_1_160' title='bbox 260 1771 432 1818; x_wconf 89' lang='lat' dir='ltr'>Bessus,</span> <span class='ocrx_word' id='word_1_161' title='bbox 463 1769 696 1812; x_wconf 86' lang='lat' dir='ltr'>Alexandri</span> <span class='ocrx_word' id='word_1_162' title='bbox 727 1769 1236 1828; x_wconf 80' lang='lat' dir='ltr'>celeritate-perterritus,</span> <span class='ocrx_word' id='word_1_163' title='bbox 1268 1774 1349 1816; x_wconf 90' lang='lat' dir='ltr'>diis</span> <span class='ocrx_word' id='word_1_164' title='bbox 1377 1784 1514 1832; x_wconf 82' lang='lat' dir='ltr'>pa-15</span> 
     </span>
     <span class='ocr_line' id='line_1_25' title="bbox 91 1841 1452 1900; baseline 0.002 -14"><span class='ocrx_word' id='word_1_165' title='bbox 91 1843 184 1886; x_wconf 88' lang='lat' dir='ltr'>triis</span> <span class='ocrx_word' id='word_1_166' title='bbox 223 1841 435 1884; x_wconf 85' lang='lat' dir='ltr'>sacrificio</span> <span class='ocrx_word' id='word_1_167' title='bbox 468 1843 550 1884; x_wconf 90' lang='lat' dir='ltr'>rite</span> <span class='ocrx_word' id='word_1_168' title='bbox 584 1841 722 1889; x_wconf 88' lang='lat' dir='ltr'>facto,</span> <span class='ocrx_word' id='word_1_169' title='bbox 760 1841 873 1884; x_wconf 89' lang='lat' dir='ltr'>sicut</span> <span class='ocrx_word' id='word_1_170' title='bbox 901 1842 980 1883; x_wconf 89' lang='lat' dir='ltr'>illis</span> <span class='ocrx_word' id='word_1_171' title='bbox 1016 1845 1218 1900; x_wconf 76' lang='lat' dir='ltr'>gentibus</span> <span class='ocrx_word' id='word_1_172' title='bbox 1247 1861 1346 1888; x_wconf 91' lang='lat' dir='ltr'>mos</span> <span class='ocrx_word' id='word_1_173' title='bbox 1376 1855 1452 1899; x_wconf 88' lang='lat' dir='ltr'>est,</span> 
     </span>
     <span class='ocr_line' id='line_1_26' title="bbox 92 1914 1450 1971; baseline 0.003 -14"><span class='ocrx_word' id='word_1_174' title='bbox 92 1930 195 1958; x_wconf 90' lang='lat' dir='ltr'>cum</span> <span class='ocrx_word' id='word_1_175' title='bbox 222 1914 374 1956; x_wconf 89' lang='lat' dir='ltr'>amicis</span> <span class='ocrx_word' id='word_1_176' title='bbox 400 1914 668 1971; x_wconf 87' lang='lat' dir='ltr'>ducibusque</span> <span class='ocrx_word' id='word_1_177' title='bbox 699 1915 927 1969; x_wconf 88' lang='lat' dir='ltr'>copiarum</span> <span class='ocrx_word' id='word_1_178' title='bbox 955 1915 1069 1956; x_wconf 86' lang='lat' dir='ltr'>inter</span> <span class='ocrx_word' id='word_1_179' title='bbox 1087 1916 1234 1971; x_wconf 92' lang='lat' dir='ltr'>epulas</span> <span class='ocrx_word' id='word_1_180' title='bbox 1259 1919 1313 1959; x_wconf 92' lang='lat' dir='ltr'>de</span> <span class='ocrx_word' id='word_1_181' title='bbox 1336 1919 1450 1961; x_wconf 88' lang='lat' dir='ltr'>bello</span> 
     </span>
    </p>

    <p class='ocr_par' dir='ltr' id='par_1_12' title="bbox 40 1985 1455 2116">
     <span class='ocr_line' id='line_1_27' title="bbox 40 1985 1451 2039; baseline 0.003 -11"><span class='ocrx_word' id='word_1_182' title='bbox 40 2004 63 2028; x_wconf 83' lang='lat'>2</span> <span class='ocrx_word' id='word_1_183' title='bbox 93 1986 378 2030; x_wconf 85' lang='lat' dir='ltr'>consultabat.</span> <span class='ocrx_word' id='word_1_184' title='bbox 420 1986 585 2028; x_wconf 88' lang='lat' dir='ltr'>Graves</span> <span class='ocrx_word' id='word_1_185' title='bbox 607 1999 731 2026; x_wconf 89' lang='lat' dir='ltr'>mero</span> <span class='ocrx_word' id='word_1_186' title='bbox 761 2001 858 2027; x_wconf 86' lang='lat' dir='ltr'>suas</span> <span class='ocrx_word' id='word_1_187' title='bbox 878 1985 989 2028; x_wconf 91' lang='lat' dir='ltr'>vires</span> <span class='ocrx_word' id='word_1_188' title='bbox 1009 1988 1223 2039; x_wconf 74' lang='lat' dir='ltr'>extollere,</span> <span class='ocrx_word' id='word_1_189' title='bbox 1254 1988 1451 2033; x_wconf 84' lang='lat' dir='ltr'>hostium</span> 
     </span>
     <span class='ocr_line' id='line_1_28' title="bbox 92 2057 1455 2116; baseline 0.004 -16"><span class='ocrx_word' id='word_1_190' title='bbox 92 2075 212 2101; x_wconf 89' lang='lat' dir='ltr'>nunc</span> <span class='ocrx_word' id='word_1_191' title='bbox 255 2057 572 2110; x_wconf 87' lang='lat' dir='ltr'>temeritatem,</span> <span class='ocrx_word' id='word_1_192' title='bbox 610 2073 730 2100; x_wconf 87' lang='lat' dir='ltr'>nunc</span> <span class='ocrx_word' id='word_1_193' title='bbox 768 2057 1036 2114; x_wconf 88' lang='lat' dir='ltr'>paucitatem</span> <span class='ocrx_word' id='word_1_194' title='bbox 1098 2074 1303 2116; x_wconf 88' lang='lat' dir='ltr'>spernere</span> <span class='ocrx_word' id='word_1_195' title='bbox 1350 2062 1455 2105; x_wconf 87' lang='lat' dir='ltr'>inci-</span> 
     </span>
    </p>

    <p class='ocr_par' dir='ltr' id='par_1_13' title="bbox 42 2127 1453 2258">
     <span class='ocr_line' id='line_1_29' title="bbox 42 2127 1453 2192; baseline 0.004 -21"><span class='ocrx_word' id='word_1_196' title='bbox 42 2147 62 2176; x_wconf 83' lang='lat'>3</span> <span class='ocrx_word' id='word_1_197' title='bbox 92 2130 272 2188; x_wconf 83' lang='lat' dir='ltr'>piunt.4</span> <span class='ocrx_word' id='word_1_198' title='bbox 328 2129 568 2186; x_wconf 89' lang='lat' dir='ltr'>Praecipue</span> <span class='ocrx_word' id='word_1_199' title='bbox 596 2130 766 2179; x_wconf 77' lang='lat' dir='ltr'>Bessus,</span> <span class='ocrx_word' id='word_1_200' title='bbox 809 2127 933 2170; x_wconf 84' lang='lat' dir='ltr'>ferox</span> <span class='ocrx_word' id='word_1_201' title='bbox 961 2129 1114 2181; x_wconf 84' lang='lat' dir='ltr'>verbis,</span> <span class='ocrx_word' id='word_1_202' title='bbox 1145 2137 1189 2172; x_wconf 93' lang='lat' dir='ltr'>et</span> <span class='ocrx_word' id='word_1_203' title='bbox 1215 2141 1342 2189; x_wconf 88' lang='lat' dir='ltr'>parto</span> <span class='ocrx_word' id='word_1_204' title='bbox 1372 2150 1453 2192; x_wconf 89' lang='lat' dir='ltr'>per</span> 
     </span>
     <span class='ocr_line' id='line_1_30' title="bbox 94 2201 1452 2258; baseline 0.004 -14"><span class='ocrx_word' id='word_1_205' title='bbox 94 2202 231 2244; x_wconf 84' lang='lat' dir='ltr'>scelus</span> <span class='ocrx_word' id='word_1_206' title='bbox 270 2216 404 2258; x_wconf 76' lang='lat' dir='ltr'>regno</span> <span class='ocrx_word' id='word_1_207' title='bbox 441 2201 666 2258; x_wconf 82' lang='lat' dir='ltr'>superbUS‚</span> <span class='ocrx_word' id='word_1_208' title='bbox 706 2215 756 2242; x_wconf 88' lang='lat' dir='ltr'>ac</span> <span class='ocrx_word' id='word_1_209' title='bbox 797 2202 864 2242; x_wconf 84' lang='lat' dir='ltr'>vix</span> <span class='ocrx_word' id='word_1_210' title='bbox 899 2208 1056 2257; x_wconf 89' lang='lat' dir='ltr'>potens</span> <span class='ocrx_word' id='word_1_211' title='bbox 1094 2204 1277 2255; x_wconf 89' lang='lat' dir='ltr'>mentis,</span> <span class='ocrx_word' id='word_1_212' title='bbox 1305 2205 1452 2249; x_wconf 87' lang='lat' dir='ltr'>dicere</span> 
     </span>
    </p>

    <p class='ocr_par' dir='ltr' id='par_1_14' title="bbox 39 2271 1452 2474">
     <span class='ocr_line' id='line_1_31' title="bbox 39 2271 1452 2325; baseline 0.005 -10"><span class='ocrx_word' id='word_1_213' title='bbox 39 2292 66 2318; x_wconf 76' lang='grc'>4</span> <span class='ocrx_word' id='word_1_214' title='bbox 95 2273 312 2325; x_wconf 60' lang='grc' dir='ltr'>οτάἰῐιιι·,5</span> <span class='ocrx_word' id='word_1_215' title='bbox 347 2273 548 2316; x_wconf 88' lang='lat' dir='ltr'>socordia</span> <span class='ocrx_word' id='word_1_216' title='bbox 563 2271 697 2314; x_wconf 89' lang='lat' dir='ltr'>Darei</span> <span class='ocrx_word' id='word_1_217' title='bbox 727 2272 908 2315; x_wconf 89' lang='lat' dir='ltr'>crevisse</span> <span class='ocrx_word' id='word_1_218' title='bbox 936 2273 1131 2316; x_wconf 88' lang='lat' dir='ltr'>hostium</span> <span class='ocrx_word' id='word_1_219' title='bbox 1154 2274 1335 2320; x_wconf 84' lang='lat' dir='ltr'>famam.</span> <span class='ocrx_word' id='word_1_220' title='bbox 1363 2280 1452 2322; x_wconf 90' lang='lat' dir='ltr'>Oc-</span> 
     </span>
     <span class='ocr_line' id='line_1_32' title="bbox 94 2344 1450 2402; baseline 0.005 -15"><span class='ocrx_word' id='word_1_221' title='bbox 94 2345 276 2387; x_wconf 88' lang='lat' dir='ltr'>currisse</span> <span class='ocrx_word' id='word_1_222' title='bbox 306 2345 424 2386; x_wconf 90' lang='lat' dir='ltr'>enim</span> <span class='ocrx_word' id='word_1_223' title='bbox 454 2345 499 2386; x_wconf 91' lang='lat' dir='ltr'>in</span> <span class='ocrx_word' id='word_1_224' title='bbox 527 2344 702 2387; x_wconf 85' lang='lat' dir='ltr'>Ciliciae</span> <span class='ocrx_word' id='word_1_225' title='bbox 742 2345 1051 2402; x_wconf 76' lang='lat' dir='ltr'>angustissimis</span> <span class='ocrx_word' id='word_1_226' title='bbox 1093 2346 1307 2398; x_wconf 82' lang='lat' dir='ltr'>faucibus,</span> <span class='ocrx_word' id='word_1_227' title='bbox 1347 2367 1450 2394; x_wconf 86' lang='lat' dir='ltr'>cum</span> 
     </span>
     <span class='ocr_line' id='line_1_33' title="bbox 93 2416 1451 2474; baseline 0.007 -17"><span class='ocrx_word' id='word_1_228' title='bbox 93 2416 414 2459; x_wconf 88' lang='lat' dir='ltr'>retrocedendo</span> <span class='ocrx_word' id='word_1_229' title='bbox 440 2423 588 2474; x_wconf 86' lang='lat' dir='ltr'>posset</span> <span class='ocrx_word' id='word_1_230' title='bbox 617 2416 860 2473; x_wconf 87' lang='lat' dir='ltr'>perducere</span> <span class='ocrx_word' id='word_1_231' title='bbox 891 2417 1091 2461; x_wconf 88' lang='lat' dir='ltr'>incautos</span> <span class='ocrx_word' id='word_1_232' title='bbox 1123 2420 1166 2461; x_wconf 92' lang='lat' dir='ltr'>in</span> <span class='ocrx_word' id='word_1_233' title='bbox 1198 2421 1294 2464; x_wconf 90' lang='lat' dir='ltr'>loca</span> <span class='ocrx_word' id='word_1_234' title='bbox 1326 2431 1451 2465; x_wconf 88' lang='lat' dir='ltr'>natu-</span> 
     </span>
    </p>
   </div>
   <div class='ocr_carea' id='block_1_7' title="bbox 0 2541 1449 2630">
    <p class='ocr_par' dir='ltr' id='par_1_15' title="bbox 0 2541 1449 2630">
     <span class='ocr_line' id='line_1_34' title="bbox 93 2541 1449 2587; baseline 0.006 -14"><span class='ocrx_word' id='word_1_235' title='bbox 93 2541 114 2567; x_wconf 88' lang='lat'>1</span> <span class='ocrx_word' id='word_1_236' title='bbox 136 2547 210 2574; x_wconf 76' lang='lat' dir='ltr'>tot</span> <span class='ocrx_word' id='word_1_237' title='bbox 236 2541 336 2586; x_wconf 77' lang='lat' dir='ltr'>iuga.</span> <span class='ocrx_word' id='word_1_238' title='bbox 474 2542 496 2568; x_wconf 84' lang='lat'>2</span> <span class='ocrx_word' id='word_1_239' title='bbox 518 2542 753 2587; x_wconf 84' lang='lat' dir='ltr'>Hyrcanum.</span> <span class='ocrx_word' id='word_1_240' title='bbox 893 2544 912 2573; x_wconf 82' lang='grc'>3</span> <span class='ocrx_word' id='word_1_241' title='bbox 939 2544 1150 2579; x_wconf 79' lang='lat' dir='ltr'>circumitu.</span> <span class='ocrx_word' id='word_1_242' title='bbox 1280 2548 1303 2579; x_wconf 85' lang='lat'>4</span> <span class='ocrx_word' id='word_1_243' title='bbox 1328 2546 1449 2582; x_wconf 81' lang='lat' dir='ltr'>abest.</span> 
     </span>
     <span class='ocr_line' id='line_1_35' title="bbox 0 2594 352 2630; baseline 0.02 -8"><span class='ocrx_word' id='word_1_244' title='bbox 0 2602 2 2629; x_wconf 69' lang='grc' dir='ltr'>ς</span> <span class='ocrx_word' id='word_1_245' title='bbox 185 2597 204 2626; x_wconf 83' lang='lat' dir='ltr'><strong><em>S</em></strong></span> <span class='ocrx_word' id='word_1_246' title='bbox 232 2594 352 2630; x_wconf 80' lang='lat' dir='ltr'>abest.</span> 
     </span>
    </p>
   </div>
  </div>
 </body>
</html>
