1703 2961
387 113 470 156 DE
508 105 716 154 GESTIS
748 99 915 146 ALEX.
962 98 1014 150 X,
1068 92 1135 137 26.
1362 90 1446 139 373

83 242 158 285 set,
185 231 307 275 cuius
337 224 587 283 imperium,
619 219 741 263 cuius
775 212 1017 270 auspicium
1047 207 1186 252 secuti
1216 211 1353 254 erant,
1382 218 1447 245 re·

83 305 330 364 quircbant.
402 296 647 340 Destitutos
686 307 730 332 se
762 289 875 330 inter
916 283 1093 325 infestas
1125 277 1448 332 indomitasque

83 385 244 435 gentes,
273 371 534 429 expetituras
558 373 627 407 tot
655 375 834 404 suarum
853 355 1044 399 cladium
1063 358 1076 378 ¹
1115 363 1293 407 poenaS,
1314 362 1451 403 quan-

25 451 324 504 11docunque
379 442 525 484 oblata
574 442 685 478 essct
728 429 915 473 occasio.
984 425 1062 466 His
1113 419 1453 477 cogitationibus

88 523 259 563 animos
288 515 540 561 excdebant,
574 522 675 551 cum
721 500 1018 546 annuntiatur,
1058 493 1237 550 equites,
1270 491 1342 548 qui
1372 490 1452 531 sub

86 592 297 635 Perdicca
336 591 489 634 essent,
533 578 759 637 occupatis
798 575 911 618 circa
957 567 1218 625 Babylona2
1274 562 1454 616 campis,

90 666 386 707 frumentum,
425 654 545 714 quod
586 653 629 694 in
669 651 827 692 urbem
873 639 1161 688 vehebatur,³
1213 636 1455 678 retinuisse.

32 739 244 792 ultaque
284 729 430 785 inopia
473 726 680 783 primum,
721 719 878 763 deinde
919 714 1058 756 fames
1100 725 1189 752 esse
1218 707 1380 762 coepit3
1415 712 1460 747 et

93 808 167 865 qui
197 807 242 847 in
271 802 380 844 urbe
416 804 543 841 erant
581 804 657 837 aut
710 785 1085 835 reconciliandam
1113 797 1216 823 cum
1249 779 1458 821 Perdicca

34 879 326 938 13gratiam‚4
361 880 436 914 aut
464 868 596 911 armis
633 865 894 910 certandum
923 873 1012 900 esse
1057 853 1307 898 censebant.
1354 851 1463 892 For·

94 962 136 996 te
168 952 226 993 ita
268 945 502 992 acciderat,
545 946 594 981 ut
636 938 709 997 qui
747 937 791 977 in
822 932 932 990 agris
964 935 1100 978 erant,
1128 924 1464 983 populationem

96 1025 295 1066 villarum
342 1017 632 1070 vicorumque
677 1007 828 1056 veriti,
881 1002 1172 1058 confugerent
1203 997 1248 1038 in
1291 996 1465 1044 urbem,

99 1092 322 1153 oppidani,
365 1104 467 1132 cum
507 1086 622 1141 ipsos
661 1081 867 1123 alimenta
907 1074 1170 1120 deficerent,
1206 1069 1316 1109 urbe
1347 1082 1468 1109 exce-

103 1169 268 1214 derent,
307 1170 350 1204 et
386 1159 559 1215 utrique
597 1153 745 1213 generi
782 1149 921 1192 tutior
957 1146 1098 1187 aliena
1138 1141 1282 1190 sedes,
1332 1154 1468 1197 quam

64 1252 69 1255 '
101 1253 192 1287 sua,
217 1235 451 1278 videretur.

42 1331 91 1357 14
187 1308 393 1362 Quorum
422 1295 829 1343 consternationem
860 1289 1133 1333 Macedones
1163 1285 1303 1334 veriti,
1333 1283 1379 1325 in
1408 1285 1535 1332 re—27

107 1383 224 1441 giam
262 1382 437 1424 coeunt,
479 1384 680 1429 quaeque
720 1368 917 1423 ipsorum
946 1360 1159 1404 sententia
1191 1365 1314 1406 esset,
1346 1371 1476 1412 expo-

107 1460 231 1497 nunt.
305 1446 514 1490 Placebat
551 1449 700 1484 autem
740 1438 905 1494 legatos
949 1434 1006 1475 ad
1050 1433 1217 1490 equites
1261 1429 1377 1471 mitti
1421 1428 1476 1469 de

47 1522 302 1574 xsfinienda
344 1515 562 1561 discordia
613 1511 832 1567 armisque
868 1506 1099 1565 ponendiS.
1162 1504 1300 1561 Igitur
1327 1516 1351 1543 a
1376 1514 1477 1556 rege

114 1600 283 1654 legatur
329 1593 459 1633 Pasas
502 1584 747 1633 Thessalus,
797 1589 841 1623 et
877 1579 1104 1622 Amissus⁵
1147 1573 1480 1632 Megalopolita-

114 1685 209 1721 nus,
248 1675 291 1708 et
329 1663 541 1707 Perilaus:
589 1657 662 1716 qui
693 1670 796 1698 cum
831 1651 1042 1694 mandata
1079 1648 1190 1705 regis
1231 1647 1481 1695 edidissent,

114 1757 210 1785 non
238 1738 361 1782 aliter
389 1734 611 1793 posituros
654 1744 776 1771 arma
809 1725 990 1784 equites,
1020 1736 1154 1779 quam
1174 1720 1207 1761 si
1229 1734 1304 1760 rex
1322 1718 1486 1760 discor-

56 1830 104 1861 16
120 1816 216 1857 diae
258 1816 460 1853 auctores
503 1802 759 1852 dedidisset,
795 1799 934 1840 tulere
974 1807 1250 1848 responsum.
1311 1789 1391 1831 His
1420 1802 1488 1830 re-

121 1882 331 1930 nuntiatis
361 1894 437 1923 sua
468 1882 624 1934 sponte
652 1888 774 1915 arma
800 1868 996 1912 milites⁶
1025 1865 1218 1921 capiunt.
1278 1862 1488 1918 Quorum

122 1956 318 2001 tumultu
345 1969 368 1995 e
398 1950 516 2008 regia
547 1947 774 2003 Philippus
806 1942 981 1992 excitus,
1010 1940 1154 1989 Nihil,
1193 1936 1347 1994 inquit,
1377 1936 1491 1975 sedi-

125 2035 244 2076 tione
285 2037 353 2069 est
389 2040 509 2081 opus·
577 2025 696 2064 Nam
738 2021 854 2060 incer
891 2033 938 2058 se
980 2015 1239 2056 certantium
1290 2010 1492 2064 praemia

67 2128 112 2154 17
130 2107 206 2162 qui
242 2101 488 2160 quieverint
547 2094 826 2150 occupabunt.
935 2089 1074 2131 Simul
1112 2092 1366 2127 mementote
1404 2094 1494 2121 rem

127 2195 217 2220 esse
249 2191 341 2216 cum
371 2171 554 2219 civibus,
584 2169 739 2225 quibus
761 2180 880 2220 spem
911 2164 1084 2217 gratiae
1115 2162 1203 2201 cito
1242 2157 1496 2208 abrumpere

68 2273 114 2299 13
132 2254 190 2293 ad
219 2249 374 2290 bellum
419 2245 551 2287 civile
593 2240 924 2297 properantium
954 2247 1034 2278 est.
1094 2235 1250 2277 Altera
1277 2230 1498 2283 legatione

129 2341 186 2367 an
224 2321 427 2375 mitigari
473 2318 658 2373 possint,
697 2314 998 2369 experiamur3
1038 2318 1083 2350 et
1119 2307 1261 2356 credo,
1308 2303 1499 2345 nondum

132 2524 150 2549 1
179 2521 352 2557 cladium
377 2529 544 2552 suarum.
704 2514 726 2540 2
758 2512 1017 2560 Babylonem.
1180 2505 1201 2538 3
1226 2502 1498 2540 invehebatur.

221 2577 243 2605 4
267 2573 427 2620 gratiam
453 2583 543 2607 cum
567 2568 761 2605 Perdicca.
925 2566 945 2595 5
972 2562 1150 2600 Amissae.
1311 2557 1333 2584 6
1357 2555 1500 2591 milites

225 2638 344 2662 arma.
