1703 2961
254 117 336 161 226
722 112 781 169 Q.
813 111 1019 155 cumn
1049 113 1191 158 RUFI

258 230 411 276 ctoris:
449 228 554 270 urbs
584 227 728 270 diruta
757 232 833 276 est,
859 231 911 266 ut
936 226 1068 268 ceteri
1103 225 1233 269 cladis
1263 227 1382 269 eius¹
1421 229 1620 287 exemplo

260 303 606 347 continerentur.
670 299 945 348 Memaceni,
992 297 1134 340 valida
1183 314 1307 356 gens,
1347 301 1682 346 obsidionem17

260 391 352 418 non
381 381 430 415 ut
468 371 772 414 honestiorem
812 370 977 418 modO,
1021 370 1097 411 sed
1139 371 1271 412 etiam
1310 379 1360 414 ut
1398 373 1622 424 tutiorem,

259 448 374 490 serre
417 445 713 488 decreverant.
786 442 857 484 Ad
889 457 1080 500 quorum
1111 443 1400 499 pertinaciam
1425 445 1625 502 mitigan-

260 520 364 563 dam
401 532 476 559 rex
516 529 541 557 L
574 515 741 572 equites
778 515 1020 570 praemisit,
1062 516 1134 572 qui
1180 515 1460 557 clementiam
1491 517 1624 573 ipsius

258 591 304 633 in
330 589 514 638 deditos,
543 587 756 644 simulque
786 586 1100 628 inexorabilem
1125 588 1324 629 animum
1354 588 1397 629 in
1429 589 1624 630 devictos
1702 637 1703 645 ἵ

258 661 557 705 ostenderent.
616 659 679 701 llli
717 673 800 701 nec
838 658 892 699 de
933 657 1043 705 fide,
1092 674 1173 701 nec
1204 660 1257 701 de
1285 660 1482 716 potentia
1511 660 1703 718 regism]

258 734 375 791 ipsos
405 732 609 774 dubitare
645 729 942 787 respondent,
984 730 1243 789 equitesque
1283 732 1465 773 tendere
1503 740 1621 773 extra
1700 726 1703 760 ¹

257 805 539 849 munimenta
567 803 690 845 urbis
716 802 891 844 iubent:
930 802 1205 858 hospitaliter
1234 804 1392 845 deinde
1419 811 1624 861 exceptos
1702 796 1703 805 ἶ

256 892 495 936 gravesque
535 874 673 932 epulis
706 880 751 916 et
790 889 950 917 somno
999 875 1261 932 intempesta
1307 883 1440 916 nocte
1480 876 1623 916 adorti

1660 858 1669 879 x
1700 832 1703 884 l

1700 899 1703 918 Ι

256 950 583 993 interfecerunt.
634 945 879 988 Alexander
917 947 1037 988 haud
1069 962 1206 995 secus,
1238 963 1372 1004 quam
1402 962 1484 1004 par
1516 940 1703 998 erat,19l

254 1031 415 1073 motus,
441 1022 598 1063 urbem
628 1033 794 1061 corona
825 1019 1130 1068 circumdedit,
1157 1019 1457 1070 munitiorem,
1487 1035 1620 1077 quam
1698 996 1703 1050 l

255 1103 306 1137 ut
333 1095 480 1153 primo
525 1093 694 1147 impetu
738 1091 834 1147 capi
880 1098 1038 1146 posset.
1093 1093 1245 1148 ltaque
1274 1091 1544 1149 Meleagrum
1578 1093 1622 1134 et
1698 1086 1701 1114 ¹

254 1168 515 1211 Perdiccam
555 1164 599 1204 in
639 1162 914 1203 obsidionem
957 1163 1106 1220 iungit,
1139 1162 1413 1219 Cyropolim,
1443 1172 1490 1205 ut
1519 1172 1620 1206 ante

256 1241 427 1283 dictum
459 1245 534 1287 est,
562 1234 824 1277 obsidentes.
888 1237 1114 1276 Statuerat
1144 1242 1293 1276 autem
1316 1251 1496 1291 parceie
1524 1219 1702 1277 uibizol

255 1311 460 1355 conditae
487 1324 510 1350 a
551 1307 685 1360 (y‚ro
728 1305 890 1362 quippe
925 1321 1016 1346 non
1047 1307 1180 1347 alium
1217 1307 1411 1363 gentium
1451 1308 1621 1349 iliarum
1696 1317 1700 1361 J

252 1383 392 1440 magis
433 1381 676 1423 admiratus
716 1386 792 1428 est,
835 1393 970 1434 quarn
1007 1378 1127 1420 hunc
1166 1393 1312 1433 regem
1353 1385 1396 1419 et
1434 1380 1622 1420 Sernira-
1695 1380 1703 1429 εἴ

253 1456 376 1505 mim,
407 1469 518 1512 quos
545 1459 589 1494 et
618 1451 919 1509 magnitudine
953 1450 1086 1492 animi
1136 1457 1180 1492 et
1209 1450 1437 1491 claritate²
1469 1467 1617 1493 rerum

251 1530 379 1585 longe
420 1526 648 1568 emicuisse
690 1524 910 1567 credebat.
968 1523 1180 1565 Ceterum
1222 1522 1463 1578 pertinacia
1496 1525 1619 1580 oppi-
1634 1541 1703 1608 21}

252 1601 471 1643 danorum
504 1599 616 1639 iram
649 1597 768 1638 eius³
807 1596 1021 1638 accendit.
1066 1598 1222 1652 Itaque
1253 1602 1430 1651 captam
1459 1598 1616 1637 urbem
1694 1617 1697 1627 ·

250 1672 378 1729 diripi
408 1671 529 1713 iussit
565 1677 610 1711 et
649 1669 794 1711 deleri.
863 1670 979 1709 Tum
1009 1667 1279 1709 Memacenis
1313 1666 1430 1708 haud
1462 1668 1615 1709 iniuria
1692 1643 1697 1721 l

247 1744 429 1786 infestus
479 1744 570 1785 ad4
624 1741 900 1798 Meleagrum
948 1748 991 1780 et
1031 1740 1288 1781 Perdiccam
1328 1740 1455 1780 redit.
1526 1737 1696 1781 Sed22!

246 1832 338 1858 non
369 1817 450 1857 alia
480 1816 583 1857 'urbs
612 1814 770 1855 fortius
800 1812 1078 1854 obsidionem
1110 1811 1227 1852 tulit:
1266 1811 1427 1868 quippe
1464 1818 1506 1852 et
1537 1813 1615 1852 mi—

247 1889 372 1929 litum
416 1886 736 1945 promptissimi
775 1886 986 1933 cecidere,
1024 1891 1067 1925 et
1097 1883 1186 1940 ipse
1218 1899 1290 1924 rex
1321 1884 1375 1925 ad
1407 1883 1612 1925 ultimum

245 1961 493 2018 periculum
533 1960 666 2002 venit.
734 1960 940 2014 Namque
982 1956 1126 1998 cervix
1169 1956 1259 1996 eius
1296 1971 1397 1997 saxo
1438 1956 1496 1997 ita
1527 1957 1612 1999 icta

246 2040 322 2082 est,
354 2040 404 2074 ut
437 2033 573 2076 oculis
616 2031 798 2088 caligine
843 2028 985 2070 offusa
1029 2029 1334 2077 collaberetur,
1366 2044 1421 2069 ne
1453 2029 1611 2070 mentis

246 2105 427 2162 quidem
458 2120 666 2162 compos;
715 2103 929 2144 exercitus
970 2109 1087 2142 certe
1128 2101 1243 2142 velut
1275 2109 1425 2158 erepto
1466 2117 1517 2142 eo
1551 2101 1612 2142 in-

243 2178 425 2233 gemuit.
492 2177 580 2220 Sed
621 2176 808 2218 invictus
851 2173 1055 2214 adversus
1093 2188 1156 2224 ea,
1185 2189 1296 2230 quae
1327 2181 1497 2215 ceteros
1526 2181 1691 2223 ter-23¹

243 2257 354 2300 rent,
395 2250 599 2291 nondum
639 2253 876 2305 percurato
916 2244 1107 2296 vulnere,
1138 2247 1278 2288 acrius
1307 2245 1524 2287 obsidioni
1549 2245 1612 2287 in-

1688 2291 1691 2306 l

237 2403 254 2427 ¹
284 2402 405 2436 abest.
544 2401 565 2426 2
589 2402 634 2435 in
662 2401 744 2447 quis
772 2407 808 2432 et
837 2398 1140 2443 magnitudinem
1171 2399 1289 2431 animi
1321 2405 1356 2431 et
1383 2397 1604 2430 claritatem.

327 2457 346 2486 3
375 2457 453 2490 eius
483 2457 591 2489 iram.
748 2455 769 2483 4
799 2454 858 2487 De
884 2456 1120 2486 consertum.
1152 2453 1275 2497 fulgo
1304 2453 1477 2497 diripere
1502 2452 1608 2484 iussit

327 2511 497 2544 delectos
541 2507 775 2542 Macedones
820 2507 924 2540 hand
968 2506 1111 2539 iniuria
1154 2506 1337 2544 infestos,
1387 2513 1419 2539 et
1456 2506 1503 2539 ad
1536 2513 1606 2539 cet.

330 2564 447 2599 codd.
477 2564 591 2609 diripi
618 2563 731 2596 iussit
765 2561 937 2594 delectae
963 2559 1129 2605 (delete)
1164 2561 1397 2594 Macedones
1422 2559 1526 2593 haud
1550 2561 1606 2592 in-

328 2620 426 2652 iuria
457 2618 615 2652 infestos
643 2617 704 2655 ad,
