<?xml version="1.0" encoding="UTF-8"?>
<!DOCTYPE html PUBLIC "-//W3C//DTD XHTML 1.0 Transitional//EN"
    "http://www.w3.org/TR/xhtml1/DTD/xhtml1-transitional.dtd">
<html xmlns="http://www.w3.org/1999/xhtml" xml:lang="en" lang="en">
 <head>
  <title>
</title>
<meta http-equiv="Content-Type" content="text/html;charset=utf-8" />
  <meta name='ocr-system' content='tesseract 3.04.00' />
  <meta name='ocr-capabilities' content='ocr_page ocr_carea ocr_par ocr_line ocrx_word'/>
</head>
<body>
  <div class='ocr_page' id='page_1' title='image "./degestisalexandr00curtuoft_0113.png"; bbox 0 0 1703 2961; ppageno 0'>
   <div class='ocr_carea' id='block_1_1' title="bbox 379 134 1418 192">
    <p class='ocr_par' dir='ltr' id='par_1_1' title="bbox 379 134 1418 192">
     <span class='ocr_line' id='line_1_1' title="bbox 379 134 1418 192; baseline -0.015 -2"><span class='ocrx_word' id='word_1_1' title='bbox 379 149 460 192; x_wconf 89' lang='lat' dir='ltr'>DE</span> <span class='ocrx_word' id='word_1_2' title='bbox 492 145 699 190; x_wconf 91' lang='lat' dir='ltr'>GESTIS</span> <span class='ocrx_word' id='word_1_3' title='bbox 734 143 901 186; x_wconf 87' lang='lat' dir='ltr'>ALEX.</span> <span class='ocrx_word' id='word_1_4' title='bbox 932 141 1007 191; x_wconf 87' lang='lat' dir='ltr'>lv,</span> <span class='ocrx_word' id='word_1_5' title='bbox 1046 140 1112 180; x_wconf 82' lang='lat'>28.</span> <span class='ocrx_word' id='word_1_6' title='bbox 1365 134 1418 175; x_wconf 88' lang='grc'>69</span> 
     </span>
    </p>
   </div>
   <div class='ocr_carea' id='block_1_2' title="bbox 8 249 1418 535">
    <p class='ocr_par' dir='ltr' id='par_1_2' title="bbox 9 249 1418 385">
     <span class='ocr_line' id='line_1_2' title="bbox 10 249 1418 308; baseline -0.016 1"><span class='ocrx_word' id='word_1_7' title='bbox 10 280 11 288; x_wconf 70' lang='grc'>’</span> <span class='ocrx_word' id='word_1_8' title='bbox 67 278 163 308; x_wconf 86' lang='lat' dir='ltr'>cem</span> <span class='ocrx_word' id='word_1_9' title='bbox 191 261 440 304; x_wconf 81' lang='lat' dir='ltr'><strong>triremibus</strong></span> <span class='ocrx_word' id='word_1_10' title='bbox 481 260 525 301; x_wconf 89' lang='lat' dir='ltr'>in</span> <span class='ocrx_word' id='word_1_11' title='bbox 561 256 873 301; x_wconf 89' lang='lat' dir='ltr'>Macedoniam</span> <span class='ocrx_word' id='word_1_12' title='bbox 902 253 956 296; x_wconf 90' lang='lat' dir='ltr'>ad</span> <span class='ocrx_word' id='word_1_13' title='bbox 985 249 1311 308; x_wconf 76' lang='lat' dir='ltr'>inquisitionem</span> <span class='ocrx_word' id='word_1_14' title='bbox 1340 259 1418 287; x_wconf 89' lang='lat' dir='ltr'>no-</span> 
     </span>
     <span class='ocr_line' id='line_1_3' title="bbox 9 321 1418 385; baseline -0.014 -6"><span class='ocrx_word' id='word_1_15' title='bbox 9 350 215 381; x_wconf 64' lang='lat' dir='ltr'>nzvorum</span> <span class='ocrx_word' id='word_1_16' title='bbox 255 332 446 374; x_wconf 88' lang='lat' dir='ltr'>militum</span> <span class='ocrx_word' id='word_1_17' title='bbox 484 330 614 372; x_wconf 87' lang='lat' dir='ltr'>misit.</span> <span class='ocrx_word' id='word_1_18' title='bbox 682 330 885 385; x_wconf 82' lang='lat' dir='ltr'>Namque</span> <span class='ocrx_word' id='word_1_19' title='bbox 922 325 1054 368; x_wconf 91' lang='lat' dir='ltr'>etiam</span> <span class='ocrx_word' id='word_1_20' title='bbox 1083 321 1283 364; x_wconf 71' lang='lat' dir='ltr'>secundis</span> <span class='ocrx_word' id='word_1_21' title='bbox 1306 323 1319 343; x_wconf 90' lang='lat'><em>¹</em></span> <span class='ocrx_word' id='word_1_22' title='bbox 1356 326 1418 359; x_wconf 89' lang='lat' dir='ltr'>at-</span> 
     </span>
    </p>

    <p class='ocr_par' dir='ltr' id='par_1_3' title="bbox 8 389 1415 535">
     <span class='ocr_line' id='line_1_4' title="bbox 63 389 1415 461; baseline -0.013 -13"><span class='ocrx_word' id='word_1_23' title='bbox 63 406 318 449; x_wconf 77' lang='lat' dir='ltr'>terebantur</span> <span class='ocrx_word' id='word_1_24' title='bbox 354 404 521 461; x_wconf 89' lang='lat' dir='ltr'>copiae,</span> <span class='ocrx_word' id='word_1_25' title='bbox 559 402 917 456; x_wconf 78' lang='lat' dir='ltr'>devictarumque</span> <span class='ocrx_word' id='word_1_26' title='bbox 954 396 1150 454; x_wconf 88' lang='lat' dir='ltr'>gentium</span> <span class='ocrx_word' id='word_1_27' title='bbox 1188 391 1311 433; x_wconf 89' lang='lat' dir='ltr'>militi</span> <span class='ocrx_word' id='word_1_28' title='bbox 1338 389 1415 431; x_wconf 89' lang='lat' dir='ltr'>mi-</span> 
     </span>
     <span class='ocr_line' id='line_1_5' title="bbox 8 471 1033 535; baseline -0.01 -15"><span class='ocrx_word' id='word_1_29' title='bbox 8 472 11 520; x_wconf 67' lang='grc' dir='ltr'><em>ἶ</em></span> <span class='ocrx_word' id='word_1_30' title='bbox 60 493 144 520; x_wconf 87' lang='lat' dir='ltr'>nor</span> <span class='ocrx_word' id='word_1_31' title='bbox 167 493 301 535; x_wconf 87' lang='lat' dir='ltr'>quam</span> <span class='ocrx_word' id='word_1_32' title='bbox 332 475 575 519; x_wconf 89' lang='lat' dir='ltr'>domestico</span> <span class='ocrx_word' id='word_1_33' title='bbox 606 471 710 514; x_wconf 87' lang='lat' dir='ltr'>fides</span> <span class='ocrx_word' id='word_1_34' title='bbox 734 471 992 513; x_wconf 83' lang='lat' dir='ltr'>habebatur.</span> <span class='ocrx_word' id='word_1_35' title='bbox 1021 479 1033 495; x_wconf 65' lang='lat'><em>¹</em></span> 
     </span>
    </p>
   </div>
   <div class='ocr_carea' id='block_1_3' title="bbox 0 560 1513 2504">
    <p class='ocr_par' dir='ltr' id='par_1_4' title="bbox 0 560 1513 2504">
     <span class='ocr_line' id='line_1_6' title="bbox 8 560 1478 636; baseline -0.016 -12"><span class='ocrx_word' id='word_1_36' title='bbox 8 594 50 634; x_wconf 57' lang='grc' dir='ltr'>ΠΙ.</span> <span class='ocrx_word' id='word_1_37' title='bbox 145 578 366 636; x_wconf 79' lang='lat' dir='ltr'>Aegyptii,</span> <span class='ocrx_word' id='word_1_38' title='bbox 417 576 519 617; x_wconf 86' lang='lat' dir='ltr'>olim</span> <span class='ocrx_word' id='word_1_39' title='bbox 565 575 798 616; x_wconf 83' lang='lat' dir='ltr'>Persarum</span> <span class='ocrx_word' id='word_1_40' title='bbox 845 572 1001 629; x_wconf 91' lang='lat' dir='ltr'>opibus</span> <span class='ocrx_word' id='word_1_41' title='bbox 1038 566 1217 617; x_wconf 84' lang='lat' dir='ltr'>infensi,</span> <span class='ocrx_word' id='word_1_42' title='bbox 1254 560 1478 621; x_wconf 84' lang='lat' dir='ltr'>quippe29</span> 
     </span>
     <span class='ocr_line' id='line_1_7' title="bbox 0 634 1416 706; baseline -0.013 -13"><span class='ocrx_word' id='word_1_43' title='bbox 0 648 11 704; x_wconf 74' lang='grc' dir='ltr'>ιξ</span> <span class='ocrx_word' id='word_1_44' title='bbox 58 664 186 692; x_wconf 83' lang='lat' dir='ltr'>avare</span> <span class='ocrx_word' id='word_1_45' title='bbox 223 658 268 692; x_wconf 90' lang='lat' dir='ltr'>et</span> <span class='ocrx_word' id='word_1_46' title='bbox 304 649 489 706; x_wconf 90' lang='lat' dir='ltr'>superbe</span> <span class='ocrx_word' id='word_1_47' title='bbox 528 646 826 703; x_wconf 86' lang='lat' dir='ltr'>imperitatum</span> <span class='ocrx_word' id='word_1_48' title='bbox 857 644 934 686; x_wconf 83' lang='lat' dir='ltr'>sibi</span> <span class='ocrx_word' id='word_1_49' title='bbox 962 657 1051 685; x_wconf 89' lang='lat' dir='ltr'>esse</span> <span class='ocrx_word' id='word_1_50' title='bbox 1083 637 1332 686; x_wconf 88' lang='lat' dir='ltr'>credebant,</span> <span class='ocrx_word' id='word_1_51' title='bbox 1360 634 1416 676; x_wconf 91' lang='lat' dir='ltr'>ad</span> 
     </span>
     <span class='ocr_line' id='line_1_8' title="bbox 7 705 1417 781; baseline -0.011 -17"><span class='ocrx_word' id='word_1_52' title='bbox 7 751 11 781; x_wconf 69' lang='lat' dir='ltr'>l</span> <span class='ocrx_word' id='word_1_53' title='bbox 59 737 184 779; x_wconf 81' lang='lat' dir='ltr'>spem</span> <span class='ocrx_word' id='word_1_54' title='bbox 223 722 434 763; x_wconf 83' lang='lat' dir='ltr'>adventus</span> <span class='ocrx_word' id='word_1_55' title='bbox 483 720 573 761; x_wconf 90' lang='lat' dir='ltr'>eius</span> <span class='ocrx_word' id='word_1_56' title='bbox 622 725 848 759; x_wconf 85' lang='lat' dir='ltr'>erexerant</span> <span class='ocrx_word' id='word_1_57' title='bbox 893 716 1086 763; x_wconf 85' lang='lat' dir='ltr'>animos,</span> <span class='ocrx_word' id='word_1_58' title='bbox 1145 716 1300 767; x_wconf 85' lang='lat' dir='ltr'>utpote</span> <span class='ocrx_word' id='word_1_59' title='bbox 1341 705 1417 763; x_wconf 84' lang='lat' dir='ltr'>qui</span> 
     </span>
     <span class='ocr_line' id='line_1_9' title="bbox 0 778 1418 852; baseline -0.014 -14"><span class='ocrx_word' id='word_1_60' title='bbox 0 807 1 810; x_wconf 77' lang='grc'>’</span> <span class='ocrx_word' id='word_1_61' title='bbox 59 799 300 852; x_wconf 85' lang='lat' dir='ltr'>Amyntam</span> <span class='ocrx_word' id='word_1_62' title='bbox 335 807 511 850; x_wconf 89' lang='lat' dir='ltr'>quoque</span> <span class='ocrx_word' id='word_1_63' title='bbox 547 790 832 846; x_wconf 77' lang='lat' dir='ltr'>transfugam,</span> <span class='ocrx_word' id='word_1_64' title='bbox 875 798 919 832; x_wconf 90' lang='lat' dir='ltr'>et</span> <span class='ocrx_word' id='word_1_65' title='bbox 957 804 1059 832; x_wconf 91' lang='lat' dir='ltr'>cum</span> <span class='ocrx_word' id='word_1_66' title='bbox 1096 781 1298 843; x_wconf 85' lang='lat' dir='ltr'>precario</span> <span class='ocrx_word' id='word_1_67' title='bbox 1337 778 1418 819; x_wconf 85' lang='lat' dir='ltr'>im-</span> 
     </span>
     <span class='ocr_line' id='line_1_10' title="bbox 6 849 1419 931; baseline -0.013 -23"><span class='ocrx_word' id='word_1_68' title='bbox 6 882 31 931; x_wconf 64' lang='lat'>{²</span> <span class='ocrx_word' id='word_1_69' title='bbox 63 867 186 924; x_wconf 89' lang='lat' dir='ltr'>perio</span> <span class='ocrx_word' id='word_1_70' title='bbox 215 866 477 915; x_wconf 87' lang='lat' dir='ltr'>venientem,</span> <span class='ocrx_word' id='word_1_71' title='bbox 507 864 609 906; x_wconf 85' lang='lat' dir='ltr'>laeti</span> <span class='ocrx_word' id='word_1_72' title='bbox 638 863 912 921; x_wconf 87' lang='lat' dir='ltr'>recepissent.</span> <span class='ocrx_word' id='word_1_73' title='bbox 967 860 1105 918; x_wconf 90' lang='lat' dir='ltr'>Igitur</span> <span class='ocrx_word' id='word_1_74' title='bbox 1134 857 1283 911; x_wconf 89' lang='lat' dir='ltr'>ingens</span> <span class='ocrx_word' id='word_1_75' title='bbox 1309 849 1419 892; x_wconf 88' lang='lat' dir='ltr'>mul-</span> 
     </span>
     <span class='ocr_line' id='line_1_11' title="bbox 0 934 1420 994; baseline -0.011 -16"><span class='ocrx_word' id='word_1_76' title='bbox 0 936 10 985; x_wconf 63' lang='grc' dir='ltr'>,ᾗ</span> <span class='ocrx_word' id='word_1_77' title='bbox 61 939 204 980; x_wconf 90' lang='lat' dir='ltr'>titudo</span> <span class='ocrx_word' id='word_1_78' title='bbox 232 938 464 987; x_wconf 89' lang='lat' dir='ltr'>Pelusium,</span> <span class='ocrx_word' id='word_1_79' title='bbox 500 951 583 994; x_wconf 91' lang='lat' dir='ltr'>qua</span> <span class='ocrx_word' id='word_1_80' title='bbox 615 936 854 978; x_wconf 88' lang='lat' dir='ltr'>intraturus</span> <span class='ocrx_word' id='word_1_81' title='bbox 875 939 895 961; x_wconf 87' lang='lat'><em>²</em></span> <span class='ocrx_word' id='word_1_82' title='bbox 929 934 1172 976; x_wconf 87' lang='lat' dir='ltr'>videbatur,</span> <span class='ocrx_word' id='word_1_83' title='bbox 1205 937 1420 968; x_wconf 84' lang='lat' dir='ltr'>convene-</span> 
     </span>
     <span class='ocr_line' id='line_1_12' title="bbox 6 995 1421 1065; baseline -0.011 -15"><span class='ocrx_word' id='word_1_84' title='bbox 6 995 10 1049; x_wconf 68' lang='grc' dir='ltr'><em>ἶ</em></span> <span class='ocrx_word' id='word_1_85' title='bbox 61 1016 141 1050; x_wconf 87' lang='lat' dir='ltr'>rat.</span> <span class='ocrx_word' id='word_1_86' title='bbox 194 1009 339 1065; x_wconf 88' lang='lat' dir='ltr'>Atque</span> <span class='ocrx_word' id='word_1_87' title='bbox 379 1010 446 1051; x_wconf 94' lang='lat' dir='ltr'>ille</span> <span class='ocrx_word' id='word_1_88' title='bbox 482 1008 670 1065; x_wconf 89' lang='lat' dir='ltr'>septimo</span> <span class='ocrx_word' id='word_1_89' title='bbox 705 1008 795 1058; x_wconf 87' lang='lat' dir='ltr'>die,</span> <span class='ocrx_word' id='word_1_90' title='bbox 834 1014 1071 1065; x_wconf 86' lang='lat' dir='ltr'>postquam</span> <span class='ocrx_word' id='word_1_91' title='bbox 1094 1004 1113 1030; x_wconf 81' lang='lat'><em>³</em></span> <span class='ocrx_word' id='word_1_92' title='bbox 1149 1016 1172 1042; x_wconf 91' lang='lat' dir='ltr'>a</span> <span class='ocrx_word' id='word_1_93' title='bbox 1203 998 1323 1040; x_wconf 87' lang='lat' dir='ltr'>Gaza</span> <span class='ocrx_word' id='word_1_94' title='bbox 1349 1009 1421 1036; x_wconf 82' lang='lat' dir='ltr'>co·</span> 
     </span>
     <span class='ocr_line' id='line_1_13' title="bbox 59 1065 1420 1137; baseline -0.01 -15.525"><span class='ocrx_word' id='word_1_95' title='bbox 59 1082 152 1137; x_wconf 86' lang='lat' dir='ltr'>pias</span> <span class='ocrx_word' id='word_1_96' title='bbox 188 1087 402 1131; x_wconf 90' lang='lat' dir='ltr'>moverat,</span> <span class='ocrx_word' id='word_1_97' title='bbox 441 1081 485 1122; x_wconf 88' lang='lat' dir='ltr'>in</span> <span class='ocrx_word' id='word_1_98' title='bbox 526 1081 752 1136; x_wconf 74' lang='lat' dir='ltr'>regionem</span> <span class='ocrx_word' id='word_1_99' title='bbox 788 1078 991 1137; x_wconf 76' lang='lat' dir='ltr'>Aegypti,</span> <span class='ocrx_word' id='word_1_100' title='bbox 1025 1089 1160 1134; x_wconf 90' lang='lat' dir='ltr'>quam</span> <span class='ocrx_word' id='word_1_101' title='bbox 1188 1085 1308 1113; x_wconf 88' lang='lat' dir='ltr'>nunc</span> <span class='ocrx_word' id='word_1_102' title='bbox 1337 1065 1420 1108; x_wconf 82' lang='lat' dir='ltr'>Ca-</span> 
     </span>
     <span class='ocr_line' id='line_1_14' title="bbox 6 1139 1513 1209; baseline -0.013 -11"><span class='ocrx_word' id='word_1_103' title='bbox 6 1163 31 1198; x_wconf 74' lang='grc'>13</span> <span class='ocrx_word' id='word_1_104' title='bbox 59 1160 146 1195; x_wconf 88' lang='lat' dir='ltr'>stra</span> <span class='ocrx_word' id='word_1_105' title='bbox 174 1152 407 1194; x_wconf 87' lang='lat' dir='ltr'>Alexandri</span> <span class='ocrx_word' id='word_1_106' title='bbox 444 1159 617 1202; x_wconf 87' lang='lat' dir='ltr'>vocant,</span> <span class='ocrx_word' id='word_1_107' title='bbox 658 1151 866 1209; x_wconf 81' lang='lat' dir='ltr'>pervenit.</span> <span class='ocrx_word' id='word_1_108' title='bbox 929 1148 1115 1198; x_wconf 89' lang='lat' dir='ltr'>Deinde,</span> <span class='ocrx_word' id='word_1_109' title='bbox 1146 1139 1422 1202; x_wconf 86' lang='lat' dir='ltr'>pedestribus</span> <span class='ocrx_word' id='word_1_110' title='bbox 1484 1144 1513 1153; x_wconf 82' lang='lat'>·‘</span> 
     </span>
     <span class='ocr_line' id='line_1_15' title="bbox 7 1210 1423 1281; baseline -0.006 -15.006"><span class='ocrx_word' id='word_1_111' title='bbox 7 1257 10 1271; x_wconf 88' lang='lat'>.</span> <span class='ocrx_word' id='word_1_112' title='bbox 36 1223 199 1280; x_wconf 87' lang='lat' dir='ltr'>copiis</span> <span class='ocrx_word' id='word_1_113' title='bbox 242 1223 460 1265; x_wconf 89' lang='lat' dir='ltr'>Pelusium</span> <span class='ocrx_word' id='word_1_114' title='bbox 501 1230 650 1279; x_wconf 88' lang='lat' dir='ltr'>petere</span> <span class='ocrx_word' id='word_1_115' title='bbox 685 1224 818 1275; x_wconf 87' lang='lat' dir='ltr'>iussis,</span> <span class='ocrx_word' id='word_1_116' title='bbox 856 1224 946 1281; x_wconf 92' lang='lat' dir='ltr'>ipse</span> <span class='ocrx_word' id='word_1_117' title='bbox 985 1236 1089 1264; x_wconf 92' lang='lat' dir='ltr'>cum</span> <span class='ocrx_word' id='word_1_118' title='bbox 1120 1215 1320 1274; x_wconf 89' lang='lat' dir='ltr'>expedita</span> <span class='ocrx_word' id='word_1_119' title='bbox 1352 1210 1423 1252; x_wconf 81' lang='lat' dir='ltr'>de-</span> 
     </span>
     <span class='ocr_line' id='line_1_16' title="bbox 7 1286 1423 1363; baseline -0.004 -26"><span class='ocrx_word' id='word_1_120' title='bbox 7 1298 10 1363; x_wconf 62' lang='lat' dir='ltr'><strong>j</strong></span> <span class='ocrx_word' id='word_1_121' title='bbox 61 1296 279 1339; x_wconf 89' lang='lat' dir='ltr'>lectorum</span> <span class='ocrx_word' id='word_1_122' title='bbox 313 1309 450 1336; x_wconf 85' lang='lat' dir='ltr'>manu</span> <span class='ocrx_word' id='word_1_123' title='bbox 480 1294 582 1336; x_wconf 84' lang='lat' dir='ltr'>Nilo</span> <span class='ocrx_word' id='word_1_124' title='bbox 612 1311 742 1338; x_wconf 87' lang='lat' dir='ltr'>amne</span> <span class='ocrx_word' id='word_1_125' title='bbox 771 1304 921 1338; x_wconf 89' lang='lat' dir='ltr'>vectus</span> <span class='ocrx_word' id='word_1_126' title='bbox 950 1302 1028 1337; x_wconf 89' lang='lat' dir='ltr'>est:</span> <span class='ocrx_word' id='word_1_127' title='bbox 1066 1307 1149 1334; x_wconf 88' lang='lat' dir='ltr'>nec</span> <span class='ocrx_word' id='word_1_128' title='bbox 1180 1286 1423 1331; x_wconf 75' lang='lat' dir='ltr'>sustinuere</span> 
     </span>
     <span class='ocr_line' id='line_1_17' title="bbox 0 1354 1426 1425; baseline -0.002 -18"><span class='ocrx_word' id='word_1_129' title='bbox 0 1370 11 1423; x_wconf 35' lang='lat' dir='ltr'>{l</span> <span class='ocrx_word' id='word_1_130' title='bbox 63 1368 300 1410; x_wconf 88' lang='lat' dir='ltr'>adventum</span> <span class='ocrx_word' id='word_1_131' title='bbox 353 1367 444 1409; x_wconf 84' lang='lat' dir='ltr'>eius</span> <span class='ocrx_word' id='word_1_132' title='bbox 481 1368 658 1419; x_wconf 84' lang='lat' dir='ltr'>Persae,</span> <span class='ocrx_word' id='word_1_133' title='bbox 697 1368 945 1411; x_wconf 88' lang='lat' dir='ltr'>defectione</span> <span class='ocrx_word' id='word_1_134' title='bbox 979 1379 1157 1425; x_wconf 89' lang='lat' dir='ltr'>quoque</span> <span class='ocrx_word' id='word_1_135' title='bbox 1193 1354 1426 1418; x_wconf 80' lang='lat' dir='ltr'>perterriti.</span> 
     </span>
     <span class='ocr_line' id='line_1_18' title="bbox 5 1427 1426 1497; baseline -0.006 -13"><span class='ocrx_word' id='word_1_136' title='bbox 5 1439 35 1484; x_wconf 60' lang='lat' dir='ltr'>l*</span> <span class='ocrx_word' id='word_1_137' title='bbox 65 1442 245 1497; x_wconf 89' lang='lat' dir='ltr'>Iamque</span> <span class='ocrx_word' id='word_1_138' title='bbox 281 1439 400 1481; x_wconf 90' lang='lat' dir='ltr'>haud</span> <span class='ocrx_word' id='word_1_139' title='bbox 439 1441 595 1496; x_wconf 89' lang='lat' dir='ltr'>procul</span> <span class='ocrx_word' id='word_1_140' title='bbox 621 1440 823 1497; x_wconf 83' lang='lat' dir='ltr'>Memphi</span> <span class='ocrx_word' id='word_1_141' title='bbox 850 1447 961 1488; x_wconf 85' lang='lat' dir='ltr'>erat;</span> <span class='ocrx_word' id='word_1_142' title='bbox 983 1439 1028 1479; x_wconf 88' lang='lat' dir='ltr'>in</span> <span class='ocrx_word' id='word_1_143' title='bbox 1060 1437 1182 1480; x_wconf 89' lang='lat' dir='ltr'>cuius</span> <span class='ocrx_word' id='word_1_144' title='bbox 1208 1427 1426 1490; x_wconf 83' lang='lat' dir='ltr'>praesidio</span> 
     </span>
     <span class='ocr_line' id='line_1_19' title="bbox 0 1491 1429 1578; baseline -0.008 -24"><span class='ocrx_word' id='word_1_145' title='bbox 0 1491 10 1578; x_wconf 59' lang='lat' dir='ltr'>:l</span> <span class='ocrx_word' id='word_1_146' title='bbox 66 1512 288 1554; x_wconf 80' lang='lat' dir='ltr'>Sataees4</span> <span class='ocrx_word' id='word_1_147' title='bbox 324 1518 505 1568; x_wconf 90' lang='lat' dir='ltr'>praetor</span> <span class='ocrx_word' id='word_1_148' title='bbox 549 1512 684 1553; x_wconf 89' lang='lat' dir='ltr'>Darei</span> <span class='ocrx_word' id='word_1_149' title='bbox 723 1512 910 1562; x_wconf 89' lang='lat' dir='ltr'>relictus,</span> <span class='ocrx_word' id='word_1_150' title='bbox 951 1511 1111 1553; x_wconf 88' lang='lat' dir='ltr'>Oron⁵</span> <span class='ocrx_word' id='word_1_151' title='bbox 1146 1519 1276 1549; x_wconf 89' lang='lat' dir='ltr'>amne</span> <span class='ocrx_word' id='word_1_152' title='bbox 1305 1516 1429 1558; x_wconf 85' lang='lat' dir='ltr'>supe-</span> 
     </span>
     <span class='ocr_line' id='line_1_20' title="bbox 0 1575 1428 1663; baseline -0.005 -38"><span class='ocrx_word' id='word_1_153' title='bbox 0 1594 10 1663; x_wconf 47' lang='grc'><strong>1</strong></span> <span class='ocrx_word' id='word_1_154' title='bbox 61 1591 173 1632; x_wconf 88' lang='lat' dir='ltr'>rato,</span> <span class='ocrx_word' id='word_1_155' title='bbox 206 1583 458 1638; x_wconf 84' lang='lat' dir='ltr'>octingenta</span> <span class='ocrx_word' id='word_1_156' title='bbox 496 1582 659 1626; x_wconf 87' lang='lat' dir='ltr'>talenta</span> <span class='ocrx_word' id='word_1_157' title='bbox 686 1584 935 1625; x_wconf 85' lang='lat' dir='ltr'>Alexandro</span> <span class='ocrx_word' id='word_1_158' title='bbox 963 1595 1233 1637; x_wconf 87' lang='lat' dir='ltr'>omnemque</span> <span class='ocrx_word' id='word_1_159' title='bbox 1262 1575 1428 1632; x_wconf 81' lang='lat' dir='ltr'>regiam</span> 
     </span>
     <span class='ocr_line' id='line_1_21' title="bbox 0 1646 1431 1738; baseline -0.005 -41"><span class='ocrx_word' id='word_1_160' title='bbox 0 1666 34 1738; x_wconf 53' lang='lat' dir='ltr'>qs</span> <span class='ocrx_word' id='word_1_161' title='bbox 68 1654 380 1711; x_wconf 88' lang='lat' dir='ltr'>supellectilem</span> <span class='ocrx_word' id='word_1_162' title='bbox 425 1655 619 1696; x_wconf 87' lang='lat' dir='ltr'>tradidit.</span> <span class='ocrx_word' id='word_1_163' title='bbox 691 1657 733 1697; x_wconf 92' lang='lat' dir='ltr'>A</span> <span class='ocrx_word' id='word_1_164' title='bbox 779 1653 982 1711; x_wconf 86' lang='lat' dir='ltr'>Memphi</span> <span class='ocrx_word' id='word_1_165' title='bbox 1042 1653 1201 1695; x_wconf 88' lang='lat' dir='ltr'>eodem</span> <span class='ocrx_word' id='word_1_166' title='bbox 1249 1646 1431 1690; x_wconf 74' lang='lat' dir='ltr'>flumine</span> 
     </span>
     <span class='ocr_line' id='line_1_22' title="bbox 0 1721 1432 1803; baseline -0.006 -33.962"><span class='ocrx_word' id='word_1_167' title='bbox 0 1743 11 1803; x_wconf 66' lang='lat' dir='ltr'>l</span> <span class='ocrx_word' id='word_1_168' title='bbox 67 1734 229 1775; x_wconf 87' lang='lat' dir='ltr'>vectus,</span> <span class='ocrx_word' id='word_1_169' title='bbox 268 1726 324 1767; x_wconf 90' lang='lat' dir='ltr'>ad</span> <span class='ocrx_word' id='word_1_170' title='bbox 364 1726 573 1768; x_wconf 86' lang='lat' dir='ltr'>interiora</span> <span class='ocrx_word' id='word_1_171' title='bbox 603 1726 794 1784; x_wconf 86' lang='lat' dir='ltr'>Aegypti</span> <span class='ocrx_word' id='word_1_172' title='bbox 831 1733 1054 1784; x_wconf 82' lang='lat' dir='ltr'>penetrat3</span> <span class='ocrx_word' id='word_1_173' title='bbox 1089 1721 1432 1780; x_wconf 85' lang='lat' dir='ltr'>compositisque</span> 
     </span>
     <span class='ocr_line' id='line_1_23' title="bbox 6 1798 1436 1856; baseline -0.006 -15"><span class='ocrx_word' id='word_1_174' title='bbox 6 1811 11 1835; x_wconf 80' lang='lat'><strong>¹</strong></span> <span class='ocrx_word' id='word_1_175' title='bbox 66 1799 198 1841; x_wconf 86' lang='lat' dir='ltr'>rebus</span> <span class='ocrx_word' id='word_1_176' title='bbox 226 1799 298 1848; x_wconf 90' lang='lat' dir='ltr'>ita,</span> <span class='ocrx_word' id='word_1_177' title='bbox 336 1805 386 1839; x_wconf 88' lang='lat' dir='ltr'>ut</span> <span class='ocrx_word' id='word_1_178' title='bbox 420 1798 530 1840; x_wconf 88' lang='lat' dir='ltr'>nihil</span> <span class='ocrx_word' id='word_1_179' title='bbox 571 1813 622 1840; x_wconf 87' lang='lat' dir='ltr'>ex</span> <span class='ocrx_word' id='word_1_180' title='bbox 653 1799 797 1856; x_wconf 82' lang='lat' dir='ltr'>patrio</span> <span class='ocrx_word' id='word_1_181' title='bbox 828 1798 1150 1856; x_wconf 72' lang='lat' dir='ltr'>Aegyptiorum</span> <span class='ocrx_word' id='word_1_182' title='bbox 1180 1810 1307 1838; x_wconf 91' lang='lat' dir='ltr'>more</span> <span class='ocrx_word' id='word_1_183' title='bbox 1338 1808 1436 1835; x_wconf 92' lang='lat' dir='ltr'>mu·</span> 
     </span>
     <span class='ocr_line' id='line_1_24' title="bbox 6 1867 1437 1945; baseline -0.002 -35"><span class='ocrx_word' id='word_1_184' title='bbox 6 1867 43 1945; x_wconf 55' lang='lat'>&#39;6</span> <span class='ocrx_word' id='word_1_185' title='bbox 71 1877 198 1920; x_wconf 81' lang='lat' dir='ltr'>taret,</span> <span class='ocrx_word' id='word_1_186' title='bbox 240 1869 360 1912; x_wconf 87' lang='lat' dir='ltr'>adire</span> <span class='ocrx_word' id='word_1_187' title='bbox 398 1870 512 1912; x_wconf 91' lang='lat' dir='ltr'>Iovis</span> <span class='ocrx_word' id='word_1_188' title='bbox 545 1871 811 1913; x_wconf 88' lang='lat' dir='ltr'>Hammonis</span> <span class='ocrx_word' id='word_1_189' title='bbox 853 1871 1083 1913; x_wconf 84' lang='lat' dir='ltr'>oraculum</span> <span class='ocrx_word' id='word_1_190' title='bbox 1120 1869 1282 1912; x_wconf 82' lang='lat' dir='ltr'>statuit.</span> <span class='ocrx_word' id='word_1_191' title='bbox 1346 1868 1437 1909; x_wconf 89' lang='lat' dir='ltr'>Iter</span> 
     </span>
     <span class='ocr_line' id='line_1_25' title="bbox 68 1940 1439 2001; baseline -0.003 -17"><span class='ocrx_word' id='word_1_192' title='bbox 68 1941 278 1999; x_wconf 88' lang='lat' dir='ltr'>expeditis</span> <span class='ocrx_word' id='word_1_193' title='bbox 322 1957 500 2001; x_wconf 88' lang='lat' dir='ltr'>quoque</span> <span class='ocrx_word' id='word_1_194' title='bbox 549 1950 594 1985; x_wconf 92' lang='lat' dir='ltr'>et</span> <span class='ocrx_word' id='word_1_195' title='bbox 629 1943 781 1999; x_wconf 88' lang='lat' dir='ltr'>paucis</span> <span class='ocrx_word' id='word_1_196' title='bbox 819 1942 886 1984; x_wconf 87' lang='lat' dir='ltr'>vix</span> <span class='ocrx_word' id='word_1_197' title='bbox 928 1942 1154 1985; x_wconf 86' lang='lat' dir='ltr'>tolerabile</span> <span class='ocrx_word' id='word_1_198' title='bbox 1193 1940 1439 1997; x_wconf 88' lang='lat' dir='ltr'>ingredien-</span> 
     </span>
     <span class='ocr_line' id='line_1_26' title="bbox 71 2014 1440 2072; baseline -0.002 -16"><span class='ocrx_word' id='word_1_199' title='bbox 71 2014 179 2056; x_wconf 87' lang='lat' dir='ltr'>dum</span> <span class='ocrx_word' id='word_1_200' title='bbox 208 2020 323 2054; x_wconf 89' lang='lat' dir='ltr'>erat:</span> <span class='ocrx_word' id='word_1_201' title='bbox 359 2020 477 2056; x_wconf 87' lang='lat' dir='ltr'>terra</span> <span class='ocrx_word' id='word_1_202' title='bbox 514 2014 726 2072; x_wconf 89' lang='lat' dir='ltr'>coeloque</span> <span class='ocrx_word' id='word_1_203' title='bbox 764 2029 981 2072; x_wconf 89' lang='lat' dir='ltr'>aquarum</span> <span class='ocrx_word' id='word_1_204' title='bbox 1018 2014 1201 2072; x_wconf 88' lang='lat' dir='ltr'>penuria</span> <span class='ocrx_word' id='word_1_205' title='bbox 1243 2020 1318 2063; x_wconf 78' lang='lat' dir='ltr'>est,</span> <span class='ocrx_word' id='word_1_206' title='bbox 1358 2020 1440 2053; x_wconf 86' lang='lat' dir='ltr'>ste-</span> 
     </span>
     <span class='ocr_line' id='line_1_27' title="bbox 7 2084 1439 2178; baseline -0.001 -51"><span class='ocrx_word' id='word_1_207' title='bbox 7 2091 11 2178; x_wconf 62' lang='lat' dir='ltr'>&#39;i</span> <span class='ocrx_word' id='word_1_208' title='bbox 73 2085 172 2127; x_wconf 88' lang='lat' dir='ltr'>riles</span> <span class='ocrx_word' id='word_1_209' title='bbox 202 2099 362 2127; x_wconf 85' lang='lat' dir='ltr'>arenae</span> <span class='ocrx_word' id='word_1_210' title='bbox 391 2085 548 2136; x_wconf 84' lang='lat' dir='ltr'>iacent,</span> <span class='ocrx_word' id='word_1_211' title='bbox 577 2102 684 2144; x_wconf 89' lang='lat' dir='ltr'>quas</span> <span class='ocrx_word' id='word_1_212' title='bbox 713 2087 788 2129; x_wconf 90' lang='lat' dir='ltr'>ubi</span> <span class='ocrx_word' id='word_1_213' title='bbox 820 2102 959 2144; x_wconf 82' lang='lat' dir='ltr'>vapor</span> <span class='ocrx_word' id='word_1_214' title='bbox 988 2087 1087 2128; x_wconf 86' lang='lat' dir='ltr'>solis</span> <span class='ocrx_word' id='word_1_215' title='bbox 1105 2084 1439 2134; x_wconf 69' lang='lat' dir='ltr'>accendit,&#39;‘0fer-</span> 
     </span>
     <span class='ocr_line' id='line_1_28' title="bbox 8 2155 1439 2215; baseline 0.001 -18"><span class='ocrx_word' id='word_1_216' title='bbox 8 2171 11 2204; x_wconf 65' lang='lat'>1</span> <span class='ocrx_word' id='word_1_217' title='bbox 72 2156 173 2198; x_wconf 89' lang='lat' dir='ltr'>vido</span> <span class='ocrx_word' id='word_1_218' title='bbox 204 2155 298 2198; x_wconf 91' lang='lat' dir='ltr'>solo</span> <span class='ocrx_word' id='word_1_219' title='bbox 337 2166 543 2200; x_wconf 86' lang='lat' dir='ltr'>exurente</span> <span class='ocrx_word' id='word_1_220' title='bbox 567 2160 588 2184; x_wconf 77' lang='lat'><strong><em>⁶</em></strong></span> <span class='ocrx_word' id='word_1_221' title='bbox 624 2159 815 2215; x_wconf 88' lang='lat' dir='ltr'>vestigia,</span> <span class='ocrx_word' id='word_1_222' title='bbox 858 2159 1140 2201; x_wconf 86' lang='lat' dir='ltr'>intolerabilis</span> <span class='ocrx_word' id='word_1_223' title='bbox 1181 2166 1323 2200; x_wconf 87' lang='lat' dir='ltr'>aestus</span> <span class='ocrx_word' id='word_1_224' title='bbox 1356 2158 1439 2199; x_wconf 88' lang='lat' dir='ltr'>exi·</span> 
     </span>
     <span class='ocr_line' id='line_1_29' title="bbox 7 2225 1440 2292; baseline 0.001 -22"><span class='ocrx_word' id='word_1_225' title='bbox 7 2225 44 2292; x_wconf 60' lang='grc' dir='ltr'>ιγ</span> <span class='ocrx_word' id='word_1_226' title='bbox 76 2228 159 2270; x_wconf 86' lang='lat' dir='ltr'>stit.</span> <span class='ocrx_word' id='word_1_227' title='bbox 196 2227 587 2287; x_wconf 86' lang='lat' dir='ltr'>Luctandumque</span> <span class='ocrx_word' id='word_1_228' title='bbox 627 2236 691 2271; x_wconf 89' lang='lat' dir='ltr'>est</span> <span class='ocrx_word' id='word_1_229' title='bbox 728 2245 822 2272; x_wconf 90' lang='lat' dir='ltr'>non</span> <span class='ocrx_word' id='word_1_230' title='bbox 858 2232 1000 2272; x_wconf 92' lang='lat' dir='ltr'>solum</span> <span class='ocrx_word' id='word_1_231' title='bbox 1024 2234 1042 2256; x_wconf 90' lang='lat'><strong>⁷</strong></span> <span class='ocrx_word' id='word_1_232' title='bbox 1077 2246 1179 2272; x_wconf 89' lang='lat' dir='ltr'>cum</span> <span class='ocrx_word' id='word_1_233' title='bbox 1210 2231 1368 2272; x_wconf 86' lang='lat' dir='ltr'>ardore</span> <span class='ocrx_word' id='word_1_234' title='bbox 1395 2235 1440 2271; x_wconf 79' lang='lat' dir='ltr'>et</span> 
     </span>
     <span class='ocr_line' id='line_1_30' title="bbox 8 2300 1438 2376; baseline 0 -34"><span class='ocrx_word' id='word_1_235' title='bbox 8 2345 11 2376; x_wconf 46' lang='grc'>1,</span> <span class='ocrx_word' id='word_1_236' title='bbox 79 2300 269 2343; x_wconf 85' lang='lat' dir='ltr'>siccitate</span> <span class='ocrx_word' id='word_1_237' title='bbox 304 2301 506 2358; x_wconf 84' lang='lat' dir='ltr'>regionis,</span> <span class='ocrx_word' id='word_1_238' title='bbox 544 2301 621 2343; x_wconf 85' lang='lat' dir='ltr'>sed</span> <span class='ocrx_word' id='word_1_239' title='bbox 653 2302 786 2343; x_wconf 86' lang='lat' dir='ltr'>etiam</span> <span class='ocrx_word' id='word_1_240' title='bbox 821 2319 923 2345; x_wconf 90' lang='lat' dir='ltr'>cum</span> <span class='ocrx_word' id='word_1_241' title='bbox 960 2303 1237 2345; x_wconf 87' lang='lat' dir='ltr'>tenacissimo</span> <span class='ocrx_word' id='word_1_242' title='bbox 1269 2301 1438 2352; x_wconf 83' lang='lat' dir='ltr'>sabulo,</span> 
     </span>
     <span class='ocr_line' id='line_1_31' title="bbox 8 2371 1442 2433; baseline 0.002 -21"><span class='ocrx_word' id='word_1_243' title='bbox 8 2378 12 2431; x_wconf 65' lang='lat'>1</span> <span class='ocrx_word' id='word_1_244' title='bbox 78 2371 198 2429; x_wconf 89' lang='lat' dir='ltr'>quod</span> <span class='ocrx_word' id='word_1_245' title='bbox 239 2373 484 2429; x_wconf 87' lang='lat' dir='ltr'>praealtum</span> <span class='ocrx_word' id='word_1_246' title='bbox 536 2382 580 2416; x_wconf 88' lang='lat' dir='ltr'>et</span> <span class='ocrx_word' id='word_1_247' title='bbox 615 2373 795 2432; x_wconf 86' lang='lat' dir='ltr'>vestigio</span> <span class='ocrx_word' id='word_1_248' title='bbox 836 2375 995 2416; x_wconf 89' lang='lat' dir='ltr'>cedens</span> <span class='ocrx_word' id='word_1_249' title='bbox 1035 2390 1161 2433; x_wconf 88' lang='lat' dir='ltr'>aegre</span> <span class='ocrx_word' id='word_1_250' title='bbox 1196 2375 1442 2417; x_wconf 88' lang='lat' dir='ltr'>moliuntur</span> 
     </span>
     <span class='ocr_line' id='line_1_32' title="bbox 8 2442 1441 2504; baseline 0 -16"><span class='ocrx_word' id='word_1_251' title='bbox 8 2448 48 2500; x_wconf 65' lang='grc' dir='ltr'>ξε</span> <span class='ocrx_word' id='word_1_252' title='bbox 77 2442 224 2500; x_wconf 87' lang='lat' dir='ltr'>pedes.</span> <span class='ocrx_word' id='word_1_253' title='bbox 264 2444 385 2488; x_wconf 90' lang='lat' dir='ltr'>Haec</span> <span class='ocrx_word' id='word_1_254' title='bbox 401 2446 604 2504; x_wconf 83' lang='lat' dir='ltr'>Aegyptii</span> <span class='ocrx_word' id='word_1_255' title='bbox 632 2461 738 2490; x_wconf 90' lang='lat' dir='ltr'>vero</span> <span class='ocrx_word' id='word_1_256' title='bbox 765 2448 936 2490; x_wconf 88' lang='lat' dir='ltr'>maiora</span> <span class='ocrx_word' id='word_1_257' title='bbox 963 2447 1199 2491; x_wconf 88' lang='lat' dir='ltr'>iactabant.</span> <span class='ocrx_word' id='word_1_258' title='bbox 1258 2448 1347 2491; x_wconf 91' lang='lat' dir='ltr'>Sed</span> <span class='ocrx_word' id='word_1_259' title='bbox 1378 2447 1441 2488; x_wconf 86' lang='lat' dir='ltr'>in-</span> 
     </span>
    </p>
   </div>
   <div class='ocr_carea' id='block_1_4' title="bbox 81 2585 1442 2681">
    <p class='ocr_par' dir='ltr' id='par_1_5' title="bbox 81 2585 1442 2681">
     <span class='ocr_line' id='line_1_33' title="bbox 81 2585 1440 2642; baseline 0.006 -24"><span class='ocrx_word' id='word_1_260' title='bbox 81 2585 98 2610; x_wconf 86' lang='lat'>1</span> <span class='ocrx_word' id='word_1_261' title='bbox 122 2585 338 2632; x_wconf 76' lang='lat' dir='ltr'>proeliis</span> <span class='ocrx_word' id='word_1_262' title='bbox 366 2590 481 2625; x_wconf 76' lang='lat' dir='ltr'>etiam</span> <span class='ocrx_word' id='word_1_263' title='bbox 507 2591 699 2626; x_wconf 85' lang='lat' dir='ltr'>secundis.</span> <span class='ocrx_word' id='word_1_264' title='bbox 760 2591 781 2617; x_wconf 89' lang='lat'><strong>2</strong></span> <span class='ocrx_word' id='word_1_265' title='bbox 806 2591 970 2626; x_wconf 75' lang='lat' dir='ltr'>additur</span> <span class='ocrx_word' id='word_1_266' title='bbox 992 2603 1071 2626; x_wconf 78' lang='lat' dir='ltr'>rex.</span> <span class='ocrx_word' id='word_1_267' title='bbox 1129 2591 1149 2622; x_wconf 82' lang='grc'>’3</span> <span class='ocrx_word' id='word_1_268' title='bbox 1175 2600 1440 2642; x_wconf 82' lang='lat' dir='ltr'>posteaquam.</span> 
     </span>
     <span class='ocr_line' id='line_1_34' title="bbox 169 2641 1442 2681; baseline 0.005 -8"><span class='ocrx_word' id='word_1_269' title='bbox 169 2641 192 2673; x_wconf 81' lang='lat'>4</span> <span class='ocrx_word' id='word_1_270' title='bbox 211 2641 398 2679; x_wconf 75' lang='lat' dir='ltr'>Mazaces.</span> <span class='ocrx_word' id='word_1_271' title='bbox 490 2645 511 2674; x_wconf 85' lang='grc'><strong><em>5</em></strong></span> <span class='ocrx_word' id='word_1_272' title='bbox 536 2645 645 2680; x_wconf 86' lang='lat' dir='ltr'>Orio.</span> <span class='ocrx_word' id='word_1_273' title='bbox 738 2645 759 2672; x_wconf 85' lang='lat'><strong>6</strong></span> <span class='ocrx_word' id='word_1_274' title='bbox 785 2644 906 2681; x_wconf 81' lang='lat' dir='ltr'>codd.</span> <span class='ocrx_word' id='word_1_275' title='bbox 934 2653 971 2680; x_wconf 85' lang='lat' dir='ltr'>et</span> <span class='ocrx_word' id='word_1_276' title='bbox 996 2651 1143 2680; x_wconf 82' lang='lat' dir='ltr'>utente.</span> <span class='ocrx_word' id='word_1_277' title='bbox 1234 2646 1253 2674; x_wconf 77' lang='grc'><strong><em>7</em></strong></span> <span class='ocrx_word' id='word_1_278' title='bbox 1280 2650 1442 2679; x_wconf 80' lang='lat' dir='ltr'>tantum.</span> 
     </span>
    </p>
   </div>
  </div>
 </body>
</html>
