1703 2961
190 144 274 190 370
661 141 717 197 Q.
749 141 956 184 CURTII
987 142 1128 185 RUFI

193 258 375 303 clarant,
406 255 642 310 vocarique
672 253 969 296 Arrhidaeum
999 253 1169 296 iubent.
1227 254 1374 309 Quem
1401 255 1563 298 Melea-
1594 275 1612 301 7

191 345 268 386 ger
298 330 479 370 infestus
517 327 767 383 invisusque
810 326 1049 369 Perdiccae
1081 334 1257 368 strenue
1286 327 1488 381 perducit
1518 330 1563 370 in

190 402 378 459 regiam3
406 408 450 442 et
493 399 651 440 milites
682 398 932 456 Philippum
964 398 1286 440 consalutatum
1312 414 1460 456 regem
1490 416 1563 457 ap-

191 473 371 530 pellant.
412 491 414 494 ’

129 547 186 588 23
281 545 497 586 Ceterum
527 544 640 586 haec
679 543 789 596 vulgi
821 550 915 584 erat
953 560 1043 594 vox,
1077 543 1330 600 principum
1362 543 1440 584 alia
1472 559 1565 584 sen-
1599 558 1617 586 8

194 616 346 657 tentia.
417 617 453 657 E
495 616 652 672 quibus
691 616 852 657 Pithon
883 616 1113 657 consilium
1144 616 1379 658 Perdiccae
1413 614 1565 672 exequi

198 688 360 744 coepit,
401 695 659 745 tutoresque
707 686 895 728 destinat
949 686 1035 727 lilio
1087 704 1135 728 ex
1183 689 1364 729 Roxane
1417 687 1567 728 futuro

197 761 459 802 Perdiccam
493 768 536 801 et
565 761 860 810 Leonnatum,
895 760 1028 815 stirpe
1061 760 1177 814 regia
1207 761 1387 816 genitos.
1442 758 1569 799 Adie-
1600 775 1622 807 9

200 833 275 883 cit,
303 842 351 874 ut
381 833 425 874 in
462 833 643 888 Europa
684 832 895 873 Craterus
932 840 976 873 et
1017 833 1254 888 Antipater
1286 847 1354 872 res
1387 831 1572 872 admini-

197 913 399 947 strarent.
457 905 576 945 Tum
616 902 920 945 iusiurandum
950 918 972 945 a
1005 904 1177 959 singulis
1208 911 1424 954 exactum,
1452 903 1571 944 futu-

198 993 272 1019 ros
325 978 369 1018 in
416 983 635 1033 potestate
682 975 790 1031 regis
836 976 968 1032 geniti
1003 976 1265 1017 Alexandro.
1340 976 1637 1032 Meleager,10

198 1049 319 1092 haud
360 1048 516 1090 iniuria
553 1055 675 1089 metu
718 1049 916 1105 supplicii
961 1050 1151 1098 territus,
1186 1064 1289 1090 curn
1320 1048 1406 1089 suis
1438 1064 1572 1090 seces-

201 1131 329 1165 serat.
402 1123 568 1162 Rursus
609 1118 863 1175 Philippum
911 1121 1089 1162 trahens
1124 1136 1275 1162 secum
1311 1119 1471 1176 irrupit
1509 1135 1573 1161 re-

201 1197 331 1252 giam,
377 1193 607 1234 clamitans
645 1190 875 1245 suffragari
919 1192 1184 1246 reipublicae
1228 1193 1280 1233 de
1321 1208 1436 1233 novo
1473 1208 1572 1248 rege

202 1268 334 1326 paulo
369 1273 468 1306 ante
498 1270 739 1319 concepto:
778 1264 916 1303 robur
945 1263 1099 1303 aetatis
1131 1265 1451 1318 cxperi1·entur;
1479 1278 1573 1306 mo-

206 1342 263 1383 do
294 1340 478 1395 stirpem
508 1334 707 1390 Philippi,
755 1341 797 1375 et
826 1331 962 1373 filium
994 1349 1043 1374 ac
1071 1333 1254 1374 fratrem
1283 1351 1436 1390 regum
1468 1337 1575 1377 duo-

203 1428 320 1459 rum,
346 1408 627 1464 sibimetipsis
658 1405 937 1463 potissimum
971 1405 1212 1447 crederent.
1263 1407 1445 1448 Nullum
1478 1423 1635 1464 pro-11

205 1483 394 1526 fundum
423 1495 558 1528 mare,
598 1478 766 1519 nullum
806 1485 978 1518 vastum
1007 1477 1172 1518 fretum
1203 1485 1246 1519 et
1276 1479 1574 1534 procellosum

207 1563 354 1598 tantos
389 1554 476 1596 ciet
512 1552 697 1600 fluctus,
739 1557 928 1607 quantos
965 1550 1204 1591 multitudo
1246 1558 1393 1592 motus
1429 1552 1574 1603 habet,

208 1627 360 1683 utique
401 1624 434 1665 si
476 1639 588 1664 nova
626 1630 670 1664 et
708 1623 829 1664 brevi
880 1623 1090 1664 duratura
1132 1621 1335 1664 libertate
1372 1624 1573 1666 luxuriat.

207 1698 341 1741 Pauci
380 1696 617 1738 Perdiccae
656 1695 793 1736 modo
836 1695 990 1741 electo,
1020 1695 1166 1750 plures
1197 1694 1412 1751 Philippo,
1443 1712 1634 1752 quemn

208 1776 476 1828 spreverant,
496 1771 509 1791 ¹
556 1766 794 1824 imperium
834 1767 1012 1810 dabant.
1070 1767 1164 1808 Nec
1196 1766 1314 1816 velle,
1346 1783 1428 1809 nec
1461 1768 1573 1810 nolle

209 1844 448 1901 quicquam
483 1840 556 1881 diu
597 1846 817 1896 poterant,
849 1839 1194 1895 poenitebatque
1221 1839 1358 1880 modo
1393 1841 1575 1890 consilii,

208 1914 347 1957 modo
376 1911 673 1970 poenitentiae
704 1910 849 1968 ipsius·
909 1910 977 1951 Ad
1011 1910 1216 1951 ultimum
1240 1917 1390 1952 tamen
1417 1912 1460 1952 in
1484 1913 1575 1953 stir-

208 2003 314 2045 pem
350 1986 515 2042 regiam
555 1984 818 2027 inclinavere
857 1982 1022 2024 studiis.
1085 1982 1288 2024 Cesserat
1326 1999 1376 2025 ex
1407 1985 1637 2030 contio-13

209 2075 266 2101 ne
298 2058 581 2107 Arrhidaeus,
628 2056 878 2114 principum
919 2055 1182 2097 auctoritate
1215 2056 1501 2105 conterritus;
1534 2064 1577 2097 et

210 2133 402 2174 abeunte
431 2131 504 2171 illo
537 2130 814 2172 conticuerat
842 2129 994 2185 magis,
1035 2143 1167 2185 quarn
1201 2127 1438 2184 languerat,
1467 2129 1575 2169 mili-

209 2204 316 2246 taris
362 2203 498 2245 favor.
576 2203 731 2257 Itaque
776 2209 1006 2243 revocatus
1052 2207 1218 2242 vestem
1257 2200 1426 2251 fratris,
1476 2216 1574 2241 eam

210 2277 365 2333 ipsam,
405 2290 516 2332 quae
553 2273 598 2315 in
638 2274 737 2315 sella
779 2274 919 2330 posita
955 2273 1114 2320 fuerat,
1144 2273 1348 2314 induitur.
1400 2273 1459 2314 Et
1485 2274 1638 2319 Me-14

210 2348 354 2404 leager
381 2347 563 2388 thorace
592 2353 769 2402 sumpto
794 2346 910 2402 capit
935 2361 1068 2395 arma,
1091 2345 1190 2386 novi
1210 2348 1228 2370 ²
1262 2347 1371 2402 regis
1398 2346 1576 2387 satelles.

211 2420 422 2476 Sequitur
459 2418 661 2476 phalanx,
697 2418 831 2459 hastis
869 2418 1032 2474 clipeos
1070 2418 1283 2475 quatienS,
1321 2418 1573 2473 expletura³

210 2557 229 2582 1
257 2557 320 2591 Ex
345 2554 495 2590 emend.
527 2555 653 2600 Vulgo
683 2565 798 2600 quam
830 2561 1062 2600 speraverat.
1203 2553 1223 2579 2
1254 2555 1432 2600 novique.
1460 2557 1577 2588 inter-

296 2612 509 2656 punctione
531 2617 620 2655 post
655 2609 826 2654 sequitur
849 2611 993 2654 posita.
1159 2607 1179 2637 3
1209 2609 1447 2656 expleturam
1472 2619 1512 2642 se
1535 2616 1575 2642 et

300 2666 340 2698 in
352 2663 446 2708 fine
469 2663 666 2699 adiectum
692 2662 924 2698 minabatur.
