1703 2961
388 170 470 212 DE
511 162 718 209 GESTIS
751 155 919 200 ALEX.
961 154 1031 203 lx,
1072 151 1136 192 13.
1356 138 1435 182 315

471 295 520 322 ns
549 290 659 335 quae
690 284 891 312 emensus
919 273 1024 313 erat,
1054 262 1108 304 ad
1139 260 1304 300 ssumen
1334 253 1441 293 Ace-

95 364 232 406 sinem
260 359 378 400 locat
407 360 561 397 castra.
603 346 667 389 lbi
699 344 810 385 forte
837 339 1014 383 Coenus
1044 332 1203 375 morbo
1231 326 1444 369 extinctus

96 442 171 477 est.
232 430 367 474 Cuius
396 430 540 467 morte
576 415 789 474 ingemuit
827 410 1006 469 quidem
1033 421 1118 452 rex,
1139 407 1151 427 ¹
1195 398 1353 441 adiecit
1382 401 1444 434 ta-

95 522 210 555 men,
241 507 421 559 propter
446 507 609 552 paucos
640 489 729 530 dies
765 486 941 539 longam
971 476 1216 520 orationem
1250 484 1351 511 eum
1380 480 1447 506 ex·

324 580 537 625 tanquam
587 561 700 604 solus
746 551 1055 599 Macedoniam
1109 547 1274 587 visurus
1328 542 1448 580 esset.

39 652 193 692 'allam
224 648 269 687 in
312 656 422 699 aqua
464 635 622 685 classis,
661 644 793 687 quam
824 621 1041 667 aedificari
1074 619 1263 663 iusserat,
1293 611 1448 653 stabat.

100 725 219 763 lnter
261 717 369 757 haec
415 710 632 752 Memnon
679 717 729 743 ex
776 696 963 740 Thracia
1014 694 1057 734 in
1098 688 1453 745 supplementum

434 781 563 827 milia,
605 782 778 832 praeter
816 784 890 811 eos
928 767 982 808 ab
1023 761 1213 818 Harpalo
1253 755 1454 814 peditum

1023 847 1102 876 xxv
1130 831 1246 873 milia
1278 840 1383 868 auro
1416 829 1458 863 et

29 307 80 333 20
177 287 291 331 Hinc
318 290 466 341 repete

99 593 247 621 orsum
259 608 268 625 ‚

103 791 299 849 equitum
338 786 396 826 v²

102 870 270 920 septem
309 854 429 898 milia
471 850 732 893 adduxerat,
777 853 986 896 armaque

108 940 288 991 argento
322 927 484 970 caelata
515 920 764 979 pertulerat,
798 914 891 971 quis
924 904 1162 951 distributis
1191 908 1336 942 vetera
1370 910 1460 937 cre-

44 1020 90 1044 ²2
107 1006 217 1048 mari
248 1000 379 1044 iussit.
434 995 555 1038 Mille
595 990 770 1045 navigiis
800 986 994 1026 aditurus
1022 979 1267 1022 Oceanum,
1301 971 1463 1012 discor-

249 1077 298 1114 e³
341 1077 386 1112 et
423 1074 570 1109 vetera
613 1062 712 1104 odia
756 1060 1041 1100 retractantes
1076 1051 1240 1090 Porum
1269 1051 1310 1084 et
1340 1038 1466 1081 Taxi·

1004 1121 1238 1162 ffinitatem
1268 1107 1462 1172 gratiae⁵

109 1079 243 1133 dcsqu

110 1150 230 1195 lem*
268 1143 416 1186 Indiae
459 1152 592 1192 rege&
632 1134 830 1174 firmatae
861 1142 940 1183 per
978 1140 999 1164 a

114 1215 349 1272 relinquit⁶
383 1213 426 1252 in
456 1210 541 1250 suis
572 1205 724 1262 regnis,
754 1213 928 1243 summo
960 1197 1005 1237 in
1035 1188 1304 1234 aedificanda
1337 1185 1468 1226 classe

735 1272 912 1329 Oppida
938 1279 1114 1325 quoque
1145 1261 1232 1302 duo
1261 1253 1471 1302 condidit,

53 1307 98 1334 23
115 1291 349 1333 amborum
378 1282 522 1324 studio
553 1293 664 1319 usus.

1115 1334 1300 1374 alterurn
1333 1329 1473 1368 Buce-

117 1374 306 1422 quorum
343 1356 528 1396 alterum
564 1351 777 1392 Nicaeam
817 1339 1068 1399 appellavit,

118 1432 340 1493 phalam,⁷
386 1425 498 1480 equi,
540 1436 672 1479 quem
705 1416 919 1462 amiserat,
948 1406 1190 1452 memoriae
1221 1417 1271 1443 ac
1302 1394 1473 1440 nomini

58 1527 106 1549 24
120 1507 324 1549 dedicans
354 1497 524 1539 urbem·
593 1488 851 1547 Elephantis
891 1483 1046 1526 deinde
1078 1486 1121 1520 et
1151 1466 1479 1531 impedimentis

119 1589 235 1621 terra
267 1571 386 1629 sequi
426 1566 561 1613 iussis,
586 1562 780 1606 secundo
812 1572 941 1600 amne
969 1550 1158 1599 defluxit,
1189 1541 1481 1603 quadraginta

120 1652 259 1693 ferme
289 1643 427 1686 stadia
457 1637 632 1693 singulis
662 1634 815 1676 diebus
853 1627 1110 1687 procedens,
1141 1628 1190 1662 ut
1222 1610 1483 1674 opportunis

121 1721 228 1764 locis
261 1713 418 1773 exponi
449 1709 632 1753 subinde
664 1705 816 1762 copiae
844 1706 1036 1759 possent.

58 1838 112 1866 1v.
205 1820 471 1860 Perventum
521 1815 615 1851 erat
661 1807 706 1847 in
757 1803 1003 1860 regionem,
1053 1796 1098 1837 in
1132 1807 1217 1851 qua
1259 1787 1550 1842 Hydaspes14

76 1918 95 1940 2
130 1891 270 1935 amnis
306 1884 481 1929 Acesini
525 1878 831 1924 committitur.
894 1872 1008 1913 Hinc
1048 1864 1242 1909 decurrit
1292 1861 1338 1901 in
1380 1857 1489 1898 fines

129 1965 351 2008 Siborum.
369 1958 384 1984 ³
433 1955 490 1996 Hi
524 1954 577 1995 de
609 1949 800 1993 exercitu
825 1943 1024 1987 Herculis
1053 1939 1242 1981 maiores
1270 1947 1371 1975 suos
1401 1943 1491 1970 esse

132 2032 439 2078 memorant29
473 2039 623 2082 aegros
654 2020 830 2062 relictos
861 2031 962 2065 esse,
997 2011 1160 2068 cepisse
1175 2008 1336 2053 sedem,
1359 2014 1493 2059 quam

83 2133 101 2161 3
134 2108 214 2166 ipsi
247 2100 520 2148 obtinebant.
579 2093 718 2136 Pelles
755 2091 951 2132 ferarum
988 2099 1068 2140 pro
1097 2088 1227 2130 veste,
1261 2078 1406 2120 clavae
1435 2080 1496 2112 te-

136 2182 176 2223 la
197 2184 240 2204 ¹0
274 2182 419 2222 erant;
459 2169 700 2224 multaque,
739 2164 873 2205 etiam
905 2173 1008 2200 cum
1039 2153 1199 2197 Graeci
1228 2163 1375 2192 mores
1403 2159 1499 2186 exo-

86 2279 108 2304 4
138 2252 350 2299 levissem,
377 2243 521 2300 stirpis
551 2237 843 2282 ostendebant
869 2230 1058 2286 vestigia.
1098 2226 1213 2267 Hinc
1244 2217 1501 2263 excensione

136 2323 269 2373 facta,
297 2332 344 2360 cc
376 2325 421 2359 et
458 2330 480 2357 L
519 2312 658 2356 stadia
698 2304 922 2364 processit,
961 2298 1336 2357 depopulatusque
1368 2287 1505 2345 regio-

875 2502 894 2532 3
923 2498 1130 2535 discordes.
1269 2492 1291 2521 4
1318 2486 1508 2523 Taxilem‚

239 2572 259 2600 5
286 2569 436 2604 firmata
461 2577 530 2614 pet
557 2562 785 2599 affinitatem
812 2555 944 2603 gratia.
1038 2551 1058 2577 6
1084 2547 1251 2595 reliquit.
1391 2541 1408 2568 7
1435 2540 1512 2572 Bu-

610 2618 629 2647 8
657 2617 720 2652 De
743 2614 902 2647 coniecc.
931 2605 1052 2643 codd.
1078 2617 1164 2640 mss.
1189 2600 1397 2636 Soborum‚
1425 2590 1514 2627 edd.

1261 2653 1304 2677 10
1323 2660 1395 2696 pto
1422 2646 1514 2679 telo.

148 2519 164 2542 ¹
190 2528 256 2552 rex
282 2515 452 2562 quidem.
602 2508 624 2534 2
659 2518 736 2541 sex.

239 2623 446 2669 cephalam

243 2678 468 2713 Sobiotum.
674 2670 695 2698 9
721 2667 1039 2703 commemorant.
