1703 2961
232 154 287 198 34
680 148 735 204 Q.
767 148 972 192 CURTH
1001 145 1141 191 RUFI
1680 200 1682 203 v

1679 213 1683 233 l

238 270 465 323 expectato
502 262 576 304 diu
617 261 689 318 qui
728 277 771 302 se
813 259 1123 309 introduceret,
1147 262 1160 283 ¹
1200 261 1436 315 postquam
1472 258 1490 281 ²
1522 271 1578 297 ne
1681 252 1683 255 ’

239 353 315 380 mo
347 334 587 393 procedere
614 334 633 361 ³
666 332 870 380 audebat,
898 330 1058 373 relictis
1096 330 1140 370 in
1169 328 1380 370 vestibulo
1409 327 1594 370 satelliti-
1681 345 1684 389 3

239 410 336 457 bus,
364 408 499 448 intrat
537 406 581 447 in
621 403 968 446 tabernaculum.
1037 403 1102 443 Ea
1133 401 1224 457 ipsa
1251 414 1320 441 res
1343 399 1597 441 turbaverat
1682 397 1683 401 ’

241 479 437 528 feminas,
464 477 582 535 quod
614 475 827 532 irrupisse,
856 490 946 516 non
973 473 1195 523 admissus,
1224 471 1466 513 videbatur.
1512 472 1654 511 Ita-11
1681 476 1685 510 i

243 568 327 610 que
359 557 500 592 mater
531 555 574 590 et
601 547 788 590 coniunx
818 545 1072 604 provolutae
1103 545 1157 585 ad
1172 544 1315 601 pedes,
1343 557 1467 584 orare
1498 556 1595 584 coe·
1682 529 1685 542 Β

243 630 416 681 perunt,
458 628 518 671 ut,
560 620 814 676 priusquam
851 616 1220 667 interficerentur,
1268 615 1399 657 Darei
1437 628 1597 670 corpus

244 695 345 751 ipsis
378 693 521 750 patrio
552 705 676 732 more
704 690 882 747 sepelire
913 688 1207 746 permitteret:
1247 686 1419 730 functas
1448 699 1596 742 supre-

244 781 320 806 mo
351 766 396 806 in
425 778 572 819 regem
601 761 747 804 officio
774 760 954 819 impigre
983 775 1071 801 sese
1095 763 1118 788 4
1148 759 1396 800 morituras.
1456 758 1649 798 Leon-12
1683 780 1685 782 ·

244 842 385 885 natus,
418 841 461 875 et
489 835 630 875 vivere
661 835 870 883 Dareum,
899 841 941 873 et
971 833 1082 888 ipsas
1112 847 1202 872 non
1244 830 1482 873 incolumes
1506 842 1600 868 mo·
1684 824 1687 832 ’

246 908 318 957 do,
345 906 420 948 sed
445 905 578 947 etiam
608 913 820 962 apparatu
847 905 1050 962 pristinae
1079 901 1283 943 fortunae
1302 901 1470 957 reginas
1494 898 1602 939 fore.

247 979 364 1020 Tum
395 977 574 1019 demum
604 977 736 1019 Darei
764 984 907 1018 mater
937 978 950 1003 ³
986 973 1155 1017 allevari
1187 988 1231 1015 se
1262 987 1386 1030 passa
1417 979 1494 1014 est.
1686 1022 1688 1026 y

181 1058 233 1100 31
307 1049 570 1113 'Alexander
588 1057 764 1105 postero
784 1051 805 1074 θ’
839 1049 906 1089 dic
928 1062 1028 1087 cum
1062 1059 1163 1087 cura
1184 1044 1362 1101 sepultis
1390 1042 1607 1095 militibus,
1625 1063 1670 1091 13

247 1135 438 1179 quorum
479 1135 664 1176 corpora
698 1121 931 1169 invenerat,
962 1120 1187 1159 Persarum
1219 1133 1394 1174 quoque
1426 1115 1600 1157 nobilis-

247 1193 366 1236 simis
394 1193 584 1233 eundem
618 1191 837 1233 honorem
876 1190 1026 1231 haberi
1057 1188 1192 1235 iubet.
1222 1188 1438 1244 matrique
1466 1187 1600 1229 Darei
1684 1214 1688 1230 ,

245 1264 458 1323 permitti,
495 1279 604 1320 quos
630 1263 770 1313 vellet,
803 1263 946 1320 patrio
978 1276 1103 1302 more
1133 1259 1344 1315 sepeliret.
1401 1259 1471 1300 Illa
1501 1274 1658 1315 pau-14
1685 1269 1688 1306 ξ

249 1351 324 1379 cos
358 1341 449 1376 arta
491 1335 818 1392 propinquitate
844 1334 1123 1384 ‚coniunctos
1174 1346 1254 1388 pro
1294 1330 1447 1372 habitu
1485 1346 1607 1388 prae·
1685 1323 1687 1330 '

247 1407 380 1450 sentis
397 1405 601 1448 fortunae
624 1406 796 1448 humari
825 1406 953 1455 iussit,
986 1411 1245 1462 apparatum
1268 1402 1489 1451 funerum,
1516 1418 1604 1460 quo

246 1480 401 1520 Persae
445 1493 646 1534 suprema
682 1478 826 1520 officia
866 1477 1159 1524 celebrarent,
1211 1475 1471 1516 invidiosum
1505 1473 1603 1516 fore

249 1552 506 1600 existimans,
539 1565 641 1592 cum
670 1550 858 1591 victores
888 1548 1007 1589 haud
1035 1547 1224 1603 pretiose
1256 1553 1570 1588 cremarentur.

331 1625 511 1679 Iamque
535 1621 652 1662 iustis
671 1621 981 1662 defunctorum
1003 1619 1261 1675 corporibus
1291 1617 1452 1665 solutis,
1482 1633 1602 1673 prae-
1618 1630 1662 1657 15

246 1695 381 1737 mittit
413 1695 468 1735 ad
499 1692 703 1748 captivas,
734 1691 807 1748 qui
837 1690 1099 1740 nuntiarent,
1128 1691 1272 1746 ipsum
1298 1689 1463 1730 venire:
1494 1688 1602 1730 inhi-

245 1768 425 1824 bitaque
478 1762 786 1807 comitantium
829 1762 971 1812 turba,
1009 1761 1339 1803 tabernaculum
1377 1776 1479 1802 cum
1517 1762 1601 1802 He-

245 1838 503 1896 phaestione
534 1836 676 1876 intrat.
743 1835 782 1876 Is
809 1833 936 1889 longe
967 1833 1166 1874 omniurn
1197 1833 1444 1876 amicorum
1473 1833 1666 1875 caris-16

248 1910 382 1950 simus
416 1915 509 1950 erat
538 1907 641 1963 regi,
676 1921 779 1949 cum
820 1905 913 1962 ipso
951 1905 1115 1961 pariter
1149 1905 1342 1956 eductus,
1368 1908 1386 1930 ⁷
1419 1913 1605 1947 secreto-

247 1997 348 2022 rum
381 1979 581 2021 omnium
619 1978 799 2019 arbiter:
844 1977 1053 2018 libertatis
1085 1992 1259 2034 quoque
1288 1977 1332 2018 in
1365 1977 1605 2019 admonen-

249 2054 308 2094 do
341 2067 393 2094 eo
422 2066 512 2092 non
545 2049 651 2091 alius
680 2049 745 2091 ius
774 2048 977 2097 habebat,
1010 2049 1128 2105 quod
1159 2056 1307 2090 tamen
1338 2048 1396 2090 ita
1426 2064 1602 2105 usurpa-

248 2125 337 2171 bat,
367 2130 417 2164 ut
446 2121 582 2177 magis
613 2136 637 2162 a
665 2135 765 2178 rege
790 2111 1063 2177 permissum,
1093 2136 1225 2176 quam
1253 2120 1520 2163 vindicatum
1544 2121 1599 2161 ab

249 2211 301 2237 eo
329 2195 566 2242 videretur3
597 2200 640 2234 et
670 2192 780 2234 sicut
808 2185 949 2234 aetate
978 2207 1058 2249 par
1088 2199 1180 2233 erat
1210 2192 1322 2248 regi,
1356 2193 1413 2233 ita
1446 2207 1600 2249 corpo-

246 2267 305 2308 ris
339 2265 494 2307 habitu
542 2265 803 2321 praestabat.
887 2265 1004 2320 Ergo
1044 2264 1214 2320 reginae
1250 2264 1371 2305 illum
1410 2279 1498 2305 esse
1538 2277 1661 2305 re-17

244 2353 344 2395 gem
368 2340 383 2366 ⁸
416 2343 548 2387 ratae,
586 2351 664 2378 suo
693 2351 818 2379 more
856 2342 1086 2377 veneratae
1117 2343 1229 2378 sunt.
1306 2336 1412 2378 Inde
1449 2351 1499 2378 ex
1536 2351 1604 2379 ca-

243 2466 259 2490 1
289 2463 572 2498 intromitteret.
727 2463 747 2488 2
779 2468 1040 2509 posteaquam.
1197 2462 1215 2493 3
1245 2462 1364 2498 Cocld.
1389 2461 1600 2508 producere

331 2516 387 2550 vel
411 2515 631 2560 perducere.
837 2518 858 2549 4
882 2527 920 2550 se
946 2516 1104 2561 impigre
1319 2517 1339 2546 5
1363 2516 1462 2549 Tum
1480 2521 1598 2548 mater

328 2570 451 2611 Darii,
475 2571 557 2602 sine
577 2569 739 2602 demum.
943 2568 964 2594 ⁶
987 2578 1149 2615 postera.
1353 2570 1368 2596 7
1401 2568 1590 2603 educatus.

330 2624 347 2651 8
376 2633 499 2668 regern
530 2633 620 2656 esse.
