1703 2961
442 135 526 177 DE
569 133 780 176 GESTIS
809 131 978 174 ALEX.
1015 134 1090 184 1V,
1117 130 1185 177 34.
1442 135 1494 181 75

132 250 294 306 legatos
323 246 467 289 audit.
536 243 825 287 Athenienses
873 245 1101 286 victoriam
1151 246 1495 302 gratulabantur,

134 328 177 363 et
205 327 254 361 ut
282 319 439 376 captivi
478 317 757 359 Graecorum
799 316 885 357 suis
912 317 1257 364 restituerentur,
1291 319 1498 360 orabant:

71 391 295 437 13Rhodii
327 399 371 432 et
403 390 503 433 Chii
537 390 589 430 dc
622 388 837 445 praesidio
867 388 1174 445 querebantur.
1228 390 1396 432 Omnes
1428 406 1497 431 ae-

0 964 11 1020 εἰ

131 478 218 520 qua
247 467 260 487 ¹
319 463 565 503 desiderare
612 460 709 509 visi,
777 460 1135 516 impetraverunt.
1223 461 1499 519 Mitylenaeis

132 548 326 591 quoque,
366 534 423 574 ob
467 533 683 590 egregiam
716 531 756 572 in
789 539 935 587 partes
963 530 1143 582 fide1n‚²
1179 540 1221 574 et
1252 535 1495 592 pecuniam,

133 622 267 662 quam
308 605 353 646 in
392 605 556 646 bellum
596 603 920 660 impenderant,
950 603 1149 655 reddidit,
1172 605 1188 632 3
1220 614 1264 646 et
1291 622 1496 664 magnam

74 679 356 734 14regionem
400 676 606 718 finibus4
652 675 822 717 adiecit.
901 674 1172 732 Cypriorum
1215 693 1391 736 quoque
1433 697 1496 722 re-

130 750 271 807 gibus,
305 749 378 806 qui
416 756 459 790 et
496 765 518 790 a
550 750 697 790 Dareo
728 747 983 789 defecerant
1016 749 1071 789 ad
1099 749 1253 806 ipsum,
1286 758 1329 792 et
1359 767 1497 809 oppu-

129 821 282 879 gnanti
322 822 493 874 Tyrum
537 823 748 863 miserant
787 821 988 870 classem,
1026 835 1109 877 pro
1149 822 1310 864 merito
1354 824 1496 865 honos

130 893 308 935 habitus
337 901 413 935 est.

71 983 115 1010 ις
209 965 511 1022 Amphoterus
541 964 725 1014 deinde,
767 963 910 1005 classis
939 963 1199 1021 praefectus,
1229 966 1284 1007 ad
1313 967 1498 1010 liberan-

133 1037 237 1079 dam
267 1038 449 1080 Cretam
487 1036 652 1086 missus‚
685 1040 895 1092 (namque
925 1044 966 1077 et
994 1037 1227 1078 Persarum
1253 1046 1296 1080 et
1321 1039 1498 1096 Sparta—

129 1124 293 1151 norum
324 1109 455 1150 armis
481 1109 689 1164 pleraque
727 1108 817 1149 eius
848 1108 1012 1149 insulae
1044 1109 1395 1163 obsidebantur‚)
1424 1129 1498 1156 an-

130 1189 175 1224 te
206 1181 355 1223 omnia
391 1195 514 1221 mare
551 1195 574 1221 a
617 1180 812 1237 piraticis
844 1180 1052 1222 classibus
1081 1181 1302 1224 vindicare
1335 1184 1497 1227 iussus:

132 1254 295 1310 quippe
327 1251 568 1294 obnoxium
600 1259 694 1293 erat
721 1252 1033 1308 praedonibus,
1057 1256 1074 1281 ⁵
1109 1252 1153 1294 in
1181 1254 1347 1296 bellum
1379 1264 1498 1299 utro-

72 1335 215 1382 16que
246 1340 345 1382 rege
378 1338 601 1366 converso.
662 1324 739 1365 His
770 1325 1038 1380 compositis,
1070 1325 1247 1367 Herculi
1281 1328 1415 1386 Tyrio
1447 1345 1497 1373 ex

133 1411 240 1438 auro
283 1403 502 1438 crateram
557 1412 660 1438 cum
702 1396 878 1451 triginta
917 1397 1078 1452 pateris
1121 1398 1301 1440 dicavit:
1355 1401 1498 1444 immi-

130 1482 326 1525 nensque
354 1468 518 1516 Dareo,
550 1468 605 1510 ad
625 1467 886 1525 Euphraten
915 1468 1031 1509 iter⁶
1062 1472 1338 1525 pronuntiari
1366 1474 1498 1517 iussit.

72 1583 129 1615 ιχ,
215 1570 274 1610 At
308 1569 491 1618 Dareus,
532 1584 636 1610 cum
674 1569 875 1625 Aegypto
917 1569 1147 1611 devertisse
1170 1575 1188 1597 ⁷
1224 1572 1270 1614 in
1297 1574 1559 1623 Africam35

131 1640 307 1682 hostem
348 1640 646 1696 comperisset,
686 1640 983 1690 dubitaverat,
1021 1649 1230 1685 utrumne
1265 1645 1381 1688 circa
1408 1652 1499 1690 Me-

132 1711 430 1768 sopotamiam
467 1711 738 1761 subsisteret,
778 1726 833 1752 an
871 1711 1079 1754 interiora
1120 1715 1243 1772 regni
1285 1718 1349 1758 sui
1378 1727 1500 1775 pete-

133 1791 213 1833 ret,
244 1784 363 1825 haud
404 1783 534 1824 dubie
564 1783 790 1839 potentior
816 1791 973 1825 auctor
1002 1800 1207 1841 praesens
1235 1787 1410 1832 Futurus
1439 1793 1499 1833 ul-

133 1856 252 1897 timis
288 1855 490 1912 gentibus
522 1855 707 1912 impigre
736 1855 899 1896 bellum
936 1859 1202 1914 capessendi,
1234 1876 1341 1917 quas
1372 1878 1499 1921 aegre

81 1949 102 1973 2
130 1944 210 1987 per
249 1927 497 1985 praefectos
535 1942 636 1969 suos
679 1927 954 1969 moliebatur.
1025 1931 1112 1972 Sed
1148 1940 1198 1973 ut
1227 1932 1397 1977 idoneis
1426 1951 1500 1977 au·

134 2000 327 2043 ctoribus
357 1998 476 2040 fama
506 1997 706 2054 vulgavit,
734 2000 1031 2042 Alexandrum
1063 2018 1166 2043 cum
1198 2006 1405 2048 omnibus
1427 2023 1499 2050 co-

133 2070 228 2128 piis,
267 2085 578 2128 quamcunque
618 2070 710 2126 ipse
747 2073 905 2115 adisset
944 2074 1193 2132 regionem,
1233 2078 1498 2134 petiturum:

133 2142 253 2184 haud
286 2143 484 2199 ignarus,
542 2158 674 2200 quam
717 2160 820 2186 cum
854 2154 1034 2188 strenuo
1071 2163 1140 2189 res
1178 2157 1308 2201 esset,
1349 2152 1497 2194 omnia

133 2214 475 2272 longinquarum
527 2215 724 2271 gentium
778 2218 931 2260 auxilia
976 2220 1245 2274 Babylona⁸
1297 2224 1498 2265 contrahi

135 2286 266 2329 iussit.
347 2287 570 2329 Bactriani
619 2288 898 2346 Scythaeque
946 2299 990 2332 et
1039 2292 1134 2334 lndi
1178 2304 1498 2339 convenerant.-

136 2373 240 2399 nam
281 2365 326 2399 et
365 2366 612 2401 ceterarum
650 2360 848 2416 gentium
877 2363 1028 2419 copiae
1055 2365 1253 2421 partibus
1279 2367 1407 2409 simul
1440 2369 1502 2410 af-

140 2478 159 2503 1
185 2479 247 2512 Ex
270 2479 418 2515 emend.
447 2480 568 2516 codd.
601 2493 645 2516 ea
673 2493 784 2528 quae.
963 2483 985 2509 2
1010 2484 1052 2518 in
1076 2493 1201 2531 partes
1230 2500 1341 2523 suas
1369 2488 1499 2525 fidem.

229 2532 248 2562 3
277 2534 481 2570 obsides
508 2536 684 2569 reddidit.
785 2537 808 2569 4
831 2536 972 2572 finibus
1001 2550 1179 2575 eorum.
1210 2541 1333 2576 codd.
1362 2544 1499 2580 finium

227 2586 380 2622 adiecit.
494 2590 514 2618 5
537 2590 798 2636 praedonibus
826 2600 917 2627 exat.
1030 2593 1050 2618 ⁶
1076 2595 1147 2628 iter
1173 2596 1220 2628 ad
1247 2596 1497 2642 Euphratem.

226 2639 244 2667 7
271 2640 330 2674 ab
355 2643 529 2690 Aegypto
559 2644 768 2680 divertisse.
971 2647 990 2676 8
1014 2648 1284 2693 Babyloniam.
