1703 2961
199 150 284 192 302
647 143 706 201 Q.
738 143 944 191 CURTn
972 144 1114 188 mm

201 263 277 296 iam
305 258 516 301 coniuncti,
548 257 677 292 classis
710 255 951 302 naufragium
988 255 1097 295 facit,
1130 263 1167 290 et
1191 257 1307 303 ipsius
1331 259 1428 305 regis
1453 259 1560 293 navis

202 332 312 365 aegre
335 319 544 353 vorticibus
569 319 741 364 eripitur.
792 317 962 363 (Verum
989 317 1058 351 boc
1084 317 1341 364 naufragium
1363 319 1564 354 Arrianus

202 381 381 418 accidisse
414 379 541 415 tradit
578 382 619 414 in
654 377 933 425 confluentibus
965 377 1159 426 Hydaspis
1182 389 1222 414 ec
1245 379 1435 424 Acesinis,
1462 379 1566 426 quod

198 449 233 480 si
260 457 390 479 verum
423 452 496 487 esc,
532 444 593 476 uti
626 453 720 475 sane
755 439 925 483 videtur,
953 439 1251 487 oxydracarum
1277 451 1317 476 ec
1341 442 1565 476 Mallorum

200 511 298 542 sicus
333 506 445 551 longe
481 504 585 538 alius
605 503 682 549 fit,
717 501 981 548 definiturque
1012 501 1190 535 amnibus
1211 503 1387 538 'Acesine
1421 512 1461 537 ec
1487 505 1567 550 Hy-

203 568 380 611 draoee.)
441 566 521 610 (16)
546 565 641 598 Inde
674 565 715 598 in
739 563 1031 608 Oxydracarum
1060 564 1345 611 Mallorumque
1370 566 1567 612 regionem

201 629 389 678 pervenit,
423 638 584 673 quarum
609 625 779 671 gentium
809 625 1041 659 coniunctae
1070 625 1206 671 copiae
1234 625 1432 672 ingentem
1461 638 1565 661 exer·

207 694 325 727 citum
375 688 594 722 effecerant.
660 688 791 732 Itaque
833 686 1094 720 Macedonum
1139 687 1288 721 animos
1324 689 1566 735 perturbatos

205 765 270 788 rex
298 751 473 785 oratione
497 749 631 783 habita
655 746 868 782 confirmat.
924 748 1006 793 (17)
1038 748 1125 793 Quo
1153 748 1259 783 facto
1285 762 1374 783 curn
1399 751 1567 783 alacrem

206 814 415 849 exercitum
434 811 610 845 adversus
629 809 847 854 Oxydracas
875 808 1054 851 duxisset,
1082 809 1234 844 barbari
1251 823 1332 844 non
1351 811 1432 844 ausi
1453 822 1567 857 proe-

204 877 301 911 lium
336 874 436 908 inire
471 872 562 918 fuga
605 872 888 918 disperguntur.
949 871 1032 914 (18)
1060 871 1203 904 Eorum
1229 872 1323 917 (sive
1349 872 1566 906 Mallorum

205 936 355 985 potius)
373 933 572 981 oppidum,
585 933 628 967 in
645 932 748 979 quod
761 932 936 978 plerique
966 931 1231 976 confugerant,
1257 933 1486 977 Alexander,
1500 944 1566 967 ne-

208 1000 417 1046 quicquam
446 995 644 1030 deterritus
674 1007 696 1028 a
722 1001 818 1033 vate,
846 993 1031 1036 adoritur,
1060 1005 1224 1039 cumque
1251 995 1395 1041 primus
1423 995 1463 1029 in
1489 1007 1569 1028 mu-

206 1072 287 1095 rum
322 1058 498 1093 evasisset
528 1063 565 1090 et
598 1055 879 1101 insequentium
905 1055 1072 1088 militum
1104 1055 1253 1102 impetu
1277 1057 1402 1090 scalae
1426 1056 1570 1091 fractae

207 1128 342 1160 essent,
368 1120 450 1165 (19)
476 1117 695 1151 admirabili
731 1117 941 1151 temeritate
969 1117 1010 1149 in
1037 1117 1173 1150 urbem
1201 1117 1338 1155 desilit.
1363 1117 1570 1163 hostesque

205 1185 440 1228 ingruentes,
472 1189 633 1224 corpore
670 1178 719 1211 ad
758 1168 933 1211 a‘rborem
979 1178 1189 1223 applicato,
1220 1179 1417 1224 propellit.
1485 1179 1568 1223 (20)

205 1245 363 1278 Eminus
397 1242 482 1275 telis
513 1240 652 1286 petitus
693 1246 729 1272 et
763 1239 1057 1273 convulneratus
1094 1240 1137 1272 in
1162 1251 1285 1284 genua
1308 1240 1569 1285 procumbens

204 1316 372 1353 pugnam
390 1310 519 1335 tamen
539 1313 619 1334 non
638 1300 791 1333 omittit.
843 1301 925 1345 (21)
953 1301 1008 1333 Eo
1032 1301 1215 1346 temporis
1235 1307 1434 1334 momento
1456 1300 1571 1346 pauci

208 1379 253 1401 ex
280 1363 471 1409 armigeris
503 1361 674 1395 subsidio
709 1362 886 1404 veniunt,
925 1361 993 1395 sed
1028 1373 1138 1407 aegre
1165 1372 1204 1395 se
1232 1372 1438 1407 regemque
1463 1369 1571 1395 tuen-

205 1435 276 1466 tur,
304 1427 431 1460 donec
459 1423 644 1457 exercitus
678 1422 783 1456 fama
815 1423 912 1469 regis
943 1423 1059 1456 occisi
1088 1421 1269 1456 efferatus
1293 1423 1336 1457 in
1359 1424 1494 1457 urbem
1523 1424 1572 1457 ir-

205 1488 362 1535 rumpit,
393 1486 601 1531 hostesque
629 1484 678 1518 ad
710 1485 1020 1518 internecionem
1048 1484 1185 1518 caedit.
1260 1484 1338 1529 (22)
1359 1485 1575 1519 Alexander

186 1550 295 1585 ecum
320 1559 459 1594 magno
495 1554 532 1581 et
574 1547 692 1593 ipsius
731 1547 905 1593 periculo
943 1553 979 1579 et
1015 1546 1181 1579 militum
1207 1557 1380 1580 maerore
1407 1554 1570 1580 curatur.

206 1614 289 1658 (23)
315 1609 499 1644 Nondum
530 1615 733 1655 percurato
765 1608 923 1642 vulnere
951 1607 1060 1640 lento
1094 1620 1205 1642 cursu
1232 1608 1410 1654 navigare
1434 1607 1570 1654 pergit.

207 1672 289 1719 (24)
318 1675 491 1707 Craterus
527 1670 576 1704 ad
613 1681 701 1703 eum
725 1680 856 1715 preces
883 1669 1093 1702 amicorum
1122 1669 1254 1711 defert,
1277 1676 1319 1703 ut
1342 1669 1455 1703 saluti
1482 1680 1572 1703 suae

203 1744 361 1782 parcere
390 1743 466 1766 neu
501 1732 618 1765 vitam
654 1733 695 1764 in
722 1731 859 1776 pugnis
895 1730 1132 1776 ignobilibus
1159 1730 1324 1776 prodere
1350 1730 1455 1764 velit.
1493 1731 1571 1775 (25.

204 1797 268 1835 26)
295 1793 523 1840 Respondet
560 1793 594 1826 ei
618 1803 683 1826 rex
708 1793 825 1837 longa
851 1799 887 1825 et
923 1799 1100 1826 accurata
1127 1792 1313 1830 oratione,
1331 1803 1372 1826 se
1390 1792 1573 1838 pietatem

207 1857 364 1905 quidem
386 1856 543 1889 illorum
571 1861 608 1887 et
630 1864 840 1899 agnoscere
867 1861 904 1887 et
926 1854 1096 1895 laudare,
1125 1853 1193 1887 sed
1219 1865 1326 1887 suam
1350 1853 1466 1887 vitam
1492 1866 1574 1888 non

205 1918 459 1953 diuturnitate
494 1915 562 1949 sed
594 1916 716 1961 gloria
753 1915 973 1949 aestimare:
1007 1928 1078 1962 pro
1117 1927 1162 1949 ea
1193 1916 1343 1950 nullum
1369 1914 1573 1949 sibilabo-

205 1993 284 2014 rem
312 1977 569 2012 recusandum
601 1988 700 2011 esse:
729 1976 788 2010 illi
818 1984 1056 2022 praestarent
1080 1977 1216 2020 modo,
1243 1985 1285 2011 ut
1309 1977 1357 2010 ab
1386 1976 1576 2010 intestino

204 2042 349 2076 scelere
374 2046 475 2073 tutus
503 2046 610 2073 esset.
662 2039 744 2084 (27)
768 2039 924 2072 Interim
960 2038 1100 2073 Graeci
1136 2038 1288 2082 milites,
1319 2039 1362 2071 in
1398 2038 1574 2072 colonias

207 2104 311 2137 circa
337 2103 476 2136 Bactra
501 2100 671 2143 deducti,
710 2099 808 2135 duce
833 2102 979 2135 Bicone
1007 2100 1186 2147 quodam,
1212 2099 1447 2139 defecerunt,
1473 2107 1510 2134 et
1533 2100 1575 2134 in

204 2165 367 2211 patriam
398 2162 536 2197 reverti
572 2168 794 2208 coeperunt.
853 2163 936 2207 (28)
973 2162 1197 2206 Oxydracae
1226 2162 1416 2208 Mallique
1454 2162 1575 2196 missis

204 2227 338 2272 legatis
371 2236 451 2259 sese
489 2223 648 2265 dedunt,
686 2230 723 2257 et
756 2223 945 2269 imperata
973 2223 1134 2257 faciunt.
1186 2224 1273 2268 Qua
1296 2234 1335 2256 re
1362 2224 1482 2256 laetus
1510 2233 1576 2256 rex

208 2287 358 2322 celebre
384 2285 603 2319 convivium
630 2284 805 2326 instituit,
832 2286 914 2330 (29)
942 2285 982 2319 in
1009 2297 1086 2331 quo
1115 2297 1203 2318 cum
1226 2285 1445 2330 Dioxippus
1471 2285 1579 2331 pugil

207 2348 451 2384 Atheniensis
479 2346 527 2380 ab
554 2347 718 2380 Hortata
742 2346 959 2380 Macedone
985 2347 1077 2392 (alii
1100 2345 1297 2394 Κόῤῥαγον
1320 2347 1472 2390 vocant)
1499 2347 1580 2380 elu-

211 2411 376 2451 deretur,
414 2408 600 2453 singulari
636 2408 846 2441 certamine
881 2408 1090 2453 constituto
1126 2408 1217 2441 vicit
1253 2407 1372 2452 pugil,
1407 2407 1473 2440 sed
1497 2420 1579 2441 non

211 2472 334 2505 multo
359 2477 447 2517 post
469 2469 517 2503 ab
545 2469 712 2503 inimicis
737 2469 834 2503 falso
871 2469 1033 2503 crimine
1059 2469 1198 2515 petitus
1227 2475 1263 2501 et
1287 2468 1450 2502 infamia
1473 2477 1581 2502 nota-

213 2540 272 2566 tus
299 2538 418 2566 semet
442 2531 526 2576 ipse
554 2531 761 2564 interemit.
820 2531 902 2575 (30)
937 2530 1030 2564 Inde
1055 2530 1242 2564 exercitus
1272 2537 1307 2562 et
1333 2531 1493 2564 navibus
1519 2542 1579 2564 ve-

215 2600 298 2627 ctus
324 2599 361 2625 et
388 2591 552 2638 pedibus
585 2592 770 2626 incedens
803 2603 871 2637 per
904 2591 1044 2626 Mallos
1073 2592 1122 2626 ad
1151 2592 1334 2626 Sabarcas
1360 2591 1581 2637 (Diodorus

219 2653 441 2689 Sambascas
467 2653 595 2700 vocat)
621 2654 737 2698 venit,
762 2664 860 2700 quae
888 2664 980 2698 gens
1015 2653 1161 2700 ingenti
1186 2653 1447 2688 Macedonum
1466 2664 1580 2699 appa-
