1703 2961
418 124 502 166 DE
533 120 741 165 GESTIS
769 121 939 166 ALEx.
964 124 1018 176 V,
1047 125 1115 168 31.
1366 127 1447 172 143

43 255 65 283 7
178 238 345 286 Bessus,
382 248 651 293 quamquam
693 239 788 274 erat
828 233 987 277 Graeci
1020 237 1234 280 sermonis
1261 239 1506 295 ignar11s‚31

93 317 243 353 tamen
283 308 537 350 stimulante
580 305 847 348 conscientia
886 307 1096 351 indicium
1132 311 1333 366 profecto
1374 313 1452 354 Pa-

91 389 268 424 tronem
308 379 508 422 detulisse
547 378 776 420 credebat:
823 385 865 420 et
902 379 1153 437 interpretis
1194 383 1331 424 relato
1367 400 1453 425 ser-

89 469 225 495 mone
257 451 447 495 Graeci¹
489 457 687 505 exempta
730 450 947 492 dubitatio
990 455 1103 493 est.2
1173 454 1344 496 Dareus
1380 472 1453 497 au-

90 533 197 576 tem,
238 531 452 582 quantum
492 538 542 564 ex
576 522 698 563 vultu
740 523 913 579 concipi
963 531 1160 580 poterat,
1200 526 1318 568 haud
1349 543 1453 570 sane

90 597 282 645 territus,
313 594 564 652 percontari
601 594 790 635 Patrona
823 609 1001 637 causam
1033 597 1212 647 consilii,
1244 600 1364 656 quod
1395 600 1456 641 af-

5 715 9 718 ,
42 684 62 713 8
91 669 238 719 ferret,
271 666 429 724 coepit.
482 666 556 708 Ille
592 681 685 707 non
721 666 833 707 ultra
865 667 1162 710 differendum
1191 679 1322 719 ratus,
1349 675 1453 713 Bes-

93 758 182 794 sus,
212 739 367 797 inquit,
396 749 441 781 eh·
477 739 759 781 Nabarzanes
797 742 1066 783 insidiantur
1095 744 1192 789 cibi,
1226 747 1270 784 ιἰι
1299 747 1453 787 ultimo

39 828 64 863 9
94 815 344 856 discrimine
383 823 428 854 eb
446 810 662 870 fortunae
699 822 800 854 tuae
839 824 882 854 ec
922 817 1060 856 vitae.
1128 819 1217 857 Hic
1254 819 1348 858 dies
1376 830 1455 860 auc

92 888 348 945 parricidis,
387 896 467 926 auc
504 887 590 926 cibi
615 883 804 943 futurus
830 888 1018 928 ultimus.
1077 887 1137 929 Et
1168 889 1331 930 Patron
1364 891 1456 947 qui-

33 975 81 1001 10
96 961 199 1002 dem
235 957 452 1015 egregiam
492 957 735 999 conservati
773 958 883 1014 regis
916 958 1098 1015 gloriam
1128 960 1299 1001 tulerat.
1355 962 1458 1003 Elu-

96 1033 204 1088 dant
236 1029 484 1079 videlicet,³
529 1029 687 1086 quibus
723 1028 839 1071 forte
869 1035 1072 1072 temere4
1102 1031 1294 1073 humana
1327 1050 1458 1091 nego—

94 1105 154 1146 tia
191 1102 304 1144 volvi
354 1102 508 1158 agique
552 1115 812 1157 persuasum
862 1109 948 1142 est:
1003 1102 1234 1160 [equidem
1277 1113 1456 1147 aeterna

96 1173 409 1218 constitutione
447 1173 748 1228 crediderim,]
770 1175 786 1201 5
831 1189 1031 1231 nexuque
1062 1190 1294 1216 causarum
1322 1177 1458 1219 laten-

95 1248 220 1298 tium,
259 1247 340 1288 ex⁶
370 1244 513 1286 multo
541 1252 641 1286 ante
684 1245 1019 1296 destinatarum,
1064 1262 1193 1288 suum
1237 1264 1458 1307 quemque

36 1336 80 1360 11
97 1319 299 1361 ordinem
347 1316 611 1358 immutabili
653 1317 747 1373 lege
778 1332 1050 1373 percurrere.
1121 1319 1292 1362 Dareus
1338 1331 1458 1364 certe

98 1389 348 1448 respondit,
385 1404 655 1446 quamquam
695 1389 775 1430 sibi
817 1388 1094 1431 Graecorum
1132 1392 1323 1434 militum
1351 1393 1458 1436 fides

98 1470 205 1504 nota
235 1462 301 1510 sit,
336 1476 564 1517 nunquam
601 1469 752 1502 tamen
785 1476 807 1502 a
841 1461 1128 1518 popularibus
1157 1464 1242 1505 suis
1270 1480 1461 1507 recessu-

99 1549 214 1575 rum.
293 1532 525 1575 Difficilius
577 1532 657 1574 sibi
708 1548 798 1574 esse
846 1533 1078 1583 damnare,
1121 1550 1253 1591 quam
1300 1538 1459 1596 decipi.

101 1604 325 1662 Quicquid
353 1604 444 1646 fors
479 1604 647 1646 tulisset
684 1605 799 1646 inter
829 1620 928 1646 suos
957 1606 1124 1662 perpeti
1155 1608 1295 1659 malle,
1325 1626 1460 1666 quam

99 1676 372 1733 transfugam
402 1675 510 1720 fieri.
567 1677 624 1719 Se
652 1677 794 1733 perire
825 1679 972 1723 sero,⁷
1007 1677 1038 1718 si
1065 1678 1230 1719 salvum
1261 1696 1350 1721 esse
1382 1683 1462 1723 mi-

98 1748 194 1790 lites
224 1747 288 1789 sui
307 1747 322 1773 ⁸
354 1748 535 1792 nollent.
588 1749 766 1798 Patron,
798 1748 1025 1806 desperata
1054 1749 1164 1805 regis
1192 1752 1375 1802 salute,9
1406 1755 1462 1796 ad

103 1835 191 1870 eos,
228 1819 386 1877 quibus
421 1827 637 1876 praeerat,
674 1821 818 1871 rediit,
862 1821 1011 1862 omnia
1049 1836 1131 1879 pro
1163 1821 1249 1865 fide
1277 1826 1461 1882 experiri

100 1898 291 1949 paratus.

20 1982 94 2012 xu.
187 1964 243 2004 At
281 1964 437 2005 Bessus
478 1961 709 2006 occidendi
754 1964 956 2021 protinus
991 1966 1103 2023 regis
1140 1965 1358 2024 impeturn
1392 1987 1524 2033 αεὶ-32

100 2038 303 2092 perat.¹0
380 2035 468 2077 Sed
506 2036 679 2087 veritus,
722 2053 776 2078 ne
811 2038 995 2094 gratiam
1033 2039 1287 2089 Alexandri,
1319 2042 1457 2083 nisi¹¹

98 2106 246 2148 vivum
276 2122 376 2148 eum
406 2108 664 2158 tradidisset,
693 2109 803 2150 inire
832 2126 924 2151 non
946 2117 1108 2167 posset,
1139 2111 1272 2153 dilato
1304 2113 1347 2154 in
1364 2130 1464 2170 pro-

98 2178 264 2221 ximam
294 2186 474 2220 noctem
510 2179 680 2222 sceleris
720 2182 923 2232 consilio,
957 2198 1083 2240 agere
1111 2184 1269 2239 gratias
1296 2185 1462 2242 incipit,

105 2251 225 2307 quod
254 2249 406 2305 perfidi
438 2250 629 2293 hominis
656 2253 843 2304 insidias,
875 2254 965 2295 iam
983 2255 1215 2297 Alexandri
1240 2272 1345 2313 opes
1369 2273 1464 2314 spe-

105 2321 286 2372 ctantis,
322 2321 564 2379 prudenter
609 2333 823 2383 cauteque
865 2326 1052 2369 vitasset.
1141 2327 1325 2371 Donum
1359 2345 1462 2372 eum

101 2467 120 2492 1
145 2467 281 2502 Graeci
302 2470 421 2503 relato
450 2482 642 2509 sermone.
881 2474 903 2499 2
928 2473 1051 2510 abest.
1307 2476 1328 2508 3
1353 2478 1458 2512 licet.

188 2523 212 2554 4
235 2522 334 2556 forte
371 2535 425 2558 ac
451 2532 609 2562 temere.
834 2530 854 2558 S
876 2529 1015 2564 desunt
1040 2530 1132 2565 haec
1154 2529 1271 2565 verba
1296 2533 1336 2564 in
1359 2532 1460 2566 codi-

189 2575 293 2609 cibus
315 2589 401 2611 mss.
472 2595 475 2597 ·
503 2578 524 2605 6
547 2587 597 2615 et.
705 2581 724 2610 7
749 2593 833 2617 sero
860 2594 900 2617 se
924 2584 1069 2630 perire.
1180 2583 1199 2612 8
1221 2584 1279 2617 sui
1302 2585 1456 2621 milites-

185 2629 208 2656 9
231 2629 352 2666 salute
376 2632 486 2678 regis.
685 2636 731 2662 10
754 2644 998 2684 conceperat.
1201 2639 1242 2663 11
1264 2639 1319 2675 ni.
