1703 2961
35 111 39 152 ‘⁵
413 121 497 164 DE
522 118 732 163 GEsr1s
761 119 928 163 ALEx.
959 121 1051 173 vn,
1079 122 1148 164 31.
1377 123 1458 164 231

106 250 191 292 que
215 233 435 290 prioribus
466 232 593 288 longe
621 232 808 282 diversa;
838 239 935 273 tum
957 231 1260 275 sollicitudinis
1289 247 1460 277 caussas

102 305 365 361 apparuisse,
395 319 512 346 nunc
543 319 719 359 prorsus
749 304 916 360 egregie
945 304 1119 345 litatum
1153 319 1257 347 esse.

40 392 86 420 30
182 377 392 418 Ceterum
434 392 542 433 quae
583 376 767 417 subinde
801 376 998 418 nuntiata
1035 383 1137 417 sunt
1176 378 1288 434 regi,
1321 379 1522 422 conti-32

98 464 211 490 nuae
249 449 443 491 felicitati
486 464 634 489 rerum
675 448 764 489 eius
803 449 1106 504 imposuerant
1146 448 1303 492 labem.
1368 452 1461 490 Me-

37 522 351 568 31nedemum,
391 528 439 561 ut
478 535 609 576 supra
650 520 820 561 dictum
858 527 934 567 est,
962 520 1141 562 miserat
1171 520 1226 562 ad
1258 520 1459 562 obsiden-

96 593 203 634 dum
241 593 565 649 Spitamenem,
606 592 862 634 Bactrianae
911 591 1169 634 defectionis
1213 599 1456 634 auctorem.

95 665 197 720 Qui,
220 672 450 721 comperto
479 663 615 706 hostis
645 665 845 715 adventu,
864 680 920 706 ne
950 665 1087 706 muris
1118 664 1236 706 urbis
1262 664 1457 707 include-

91 746 228 785 retur,
269 737 397 778 simul
435 737 572 778 fretus
611 737 749 794 excipi
787 753 926 794 posse,
969 753 1055 795 qua
1085 745 1322 779 venturum
1350 737 1455 780 scie-

31 823 76 852 32
91 810 180 858 bat,
218 810 417 852 consedit
455 810 665 852 occultus.
736 810 941 853 Silvestre
979 810 1063 852 iter
1098 818 1252 867 aptum
1287 809 1452 852 insidiis

90 883 283 937 tegendis
324 890 436 924 erat:
475 882 534 924 ibi
563 882 713 924 Dahas
740 883 953 925 condidit.
1006 883 1121 941 Equi
1152 883 1281 924 binos
1309 897 1452 924 arma-

86 962 156 996 tos
185 955 365 1003 vehunt,
395 970 587 1012 quorum
617 955 806 998 invicem
832 955 984 1012 singuli
1014 962 1197 1012 repente
1224 955 1450 997 desiliunt:

29 1039 74 1068 33
87 1030 297 1086 equestris
331 1042 502 1086 pugnae
540 1028 743 1069 ordinem
774 1027 972 1069 turbant.
1026 1027 1261 1084 Equorum
1291 1026 1450 1070 veloci-

86 1100 164 1143 tati
188 1105 300 1158 par¹
346 1100 580 1142 hominum
617 1100 865 1157 pernicitas.
929 1099 1024 1141 Hos
1061 1099 1338 1156 Spitamenes
1369 1099 1448 1142 sal-

81 1182 180 1216 tum
211 1173 444 1215 circumire
469 1172 606 1214 iussos
630 1171 796 1228 pariter
819 1179 862 1213 et
890 1186 914 1213 a
931 1171 1155 1221 lateribus,
1174 1179 1219 1213 et
1235 1187 1259 1213 a
1282 1170 1445 1221 fronte,

25 1265 68 1294 34
84 1254 126 1288 et
158 1259 181 1287 a
208 1253 331 1302 tergo
359 1245 475 1286 hosti
502 1245 705 1285 ostendit.
766 1244 1057 1286 Menedemus
1085 1244 1280 1301 undique
1310 1244 1446 1287 inclu-

82 1333 165 1365 sus,
195 1306 250 1359 ne
279 1331 467 1358 numero
498 1317 676 1373 quidem
707 1330 800 1372 par,
831 1316 906 1358 diu
934 1324 1086 1358 tamen
1114 1318 1287 1367 resistit,
1307 1321 1327 1343 2
1361 1317 1445 1360 cla-

81 1391 254 1437 mitans,
284 1388 392 1430 nihil
420 1388 535 1430 aliud
564 1404 786 1445 superesse
817 1388 1021 1430 locorum
1051 1389 1207 1431 fraude
1233 1390 1442 1447 deceptis,

82 1478 215 1519 quam
258 1461 469 1503 honestae
516 1461 672 1502 mortis
717 1460 923 1502 solatium
973 1477 1024 1502 ex
1059 1461 1253 1503 hostium
1292 1463 1441 1505 caede.

20 1537 230 1591 zslpsum
265 1533 516 1590 praevalens
552 1549 689 1590 equus
725 1533 925 1584 vehebat,
964 1550 1052 1591 quo
1092 1534 1262 1591 saepius
1291 1535 1338 1576 in
1368 1550 1442 1577 cu-

78 1622 185 1648 neos
216 1607 509 1648 barbarorum
539 1605 687 1647 effusis
715 1604 897 1647 habenis
921 1614 1095 1648 evectus
1120 1621 1280 1663 magna
1300 1614 1439 1663 strage

19 1691 70 1725 36
84 1695 157 1722 eos
183 1679 373 1721 fuderat.
432 1678 522 1721 Sed
551 1694 654 1720 cum
682 1694 822 1719 unum
863 1693 1019 1720 omnes
1045 1686 1259 1736 peterent,
1291 1678 1440 1721 multis

77 1753 328 1794 vulneribus
364 1751 587 1807 exsanguis
631 1751 876 1809 Hypsidem
927 1752 1151 1808 quendam
1200 1767 1249 1793 ex
1286 1751 1439 1795 amicis

77 1823 280 1867 hortatus
312 1831 387 1874 est,
419 1832 468 1865 ut
495 1823 542 1865 in
571 1839 736 1881 equum
765 1838 894 1865 suum
922 1824 1192 1872 ascenderet,
1223 1831 1268 1866 et
1296 1840 1341 1866 se
1370 1823 1439 1866 fu-

76 1912 127 1954 ga
165 1897 364 1954 eriperet.
433 1899 552 1939 Haec
588 1904 788 1953 agentem
814 1896 961 1937 anima
987 1896 1159 1947 defecit,
1190 1911 1439 1955 corpusque

21 1982 65 2012 37
81 1986 131 2011 ex
162 1985 275 2027 equo
308 1968 487 2011 defluxit
518 1968 562 2009 in
587 1975 766 2010 terram.
810 1968 1025 2026 Hypsides
1052 1975 1230 2025 poterat
1257 1969 1438 2026 quidem

78 2042 280 2099 effugere,
320 2042 395 2083 sed
432 2041 591 2083 amisso
634 2041 778 2083 amico
830 2042 945 2083 mori
983 2041 1146 2083 statuit.
1209 2042 1308 2083 Una
1345 2048 1440 2083 erat

80 2130 196 2165 cura,
228 2131 283 2156 ne
315 2114 477 2156 inultus
507 2113 743 2156 occideret.
801 2114 952 2171 Itaque
983 2113 1165 2155 subditis
1197 2114 1438 2156 calcaribus

80 2201 208 2243 equo,
236 2187 281 2228 in
310 2187 481 2229 medios
510 2186 658 2228 hostes
685 2201 730 2228 se
759 2186 955 2234 immisit,
984 2194 1029 2228 et
1057 2186 1335 2228 memorabili
1353 2186 1439 2228 edi-

15 2267 62 2297 38
79 2266 120 2299 ta
150 2275 293 2316 pugna
322 2260 506 2302 obrutus
530 2259 625 2301 telis
658 2266 735 2301 est.
771 2259 906 2314 Quod
933 2259 1006 2300 ubi
1034 2259 1182 2301 videre
1217 2259 1290 2315 qui
1315 2259 1438 2301 caedi

79 2341 344 2387 supererant,
379 2332 601 2374 tumulum
639 2331 769 2388 paulo
791 2347 923 2387 quam
951 2339 1094 2374 cetera
1115 2331 1348 2373 editiorem
1371 2347 1438 2373 ca-

79 2403 227 2460 piunt;
258 2420 367 2462 quos
403 2405 681 2462 Spitamenes
710 2403 827 2445 fame
857 2404 902 2445 in
936 2404 1205 2446 deditionem
1234 2404 1438 2445 subactu-

5 2461 152 2527 ¹imbrus
187 2476 368 2519 obsedit.
437 2475 651 2521 Cecidere
691 2492 743 2518 eo
783 2477 952 2533 proelio
1000 2477 1199 2534 peditum
1235 2490 1265 2518 11
1306 2476 1437 2526 milia,

80 2619 98 2643 1
124 2618 312 2655 adiicitur
337 2630 401 2656 est.
607 2622 626 2648 2
665 2622 811 2657 restitit.
