1703 2961
399 124 478 165 DE
504 122 713 167 GESTts
743 125 913 170 ALEX.
943 127 992 176 X,
1026 127 1087 169 13.
1346 130 1425 173 361

73 234 312 280 Babylonem
349 235 612 280 praemiserat:
645 236 868 280 orabatque,
908 249 955 271 ne
989 238 1144 272 fatalem
1183 240 1254 274 sibi
1295 241 1427 275 urbem

72 298 186 330 vellet
213 297 374 341 ingredi.
424 296 672 341 compertum
701 297 736 329 id
767 297 839 330 sibi
869 309 913 332 ex
949 299 1168 341 Chaldaeis,
1201 301 1265 346 qui
1299 302 1427 336 multis

71 357 146 390 iam
174 358 484 403 praedictionum
510 356 706 390 eventibus
731 359 818 390 artis
849 370 938 392 suae
969 360 1237 394 certitudinem
1275 363 1428 397 abunde

68 418 342 464 probavissent.
391 419 486 458 Rex,
512 417 613 450 fama
632 428 760 450 eorum
787 418 989 452 hominum
1024 423 1295 467 constantique
1331 436 1426 458 asse-

69 478 263 512 veratione
301 485 437 520 motus,
465 477 627 511 dimissis
655 478 696 511 in
721 479 855 512 urbem
883 480 1092 514 amicorum
1119 482 1326 529 plerisque,
1353 486 1427 519 alia

67 539 129 572 via
155 547 305 586 praeter
329 539 569 584 Babylonem
598 538 715 581 ducit,
750 550 793 573 ac
822 540 995 575 ducentis
1021 543 1112 576 inde
1132 544 1264 577 stadiis
1293 546 1428 579 stativa

69 600 186 634 locat.
244 601 320 635 Sed
356 601 403 634 ab
431 599 658 635 Anaxarcho
692 600 929 647 philosopho
968 603 1148 646 edoctus,
1196 608 1425 653 contemptis

68 661 352 696 Chaldaeorum
389 661 558 704 monitis,
591 672 753 706 quorum
791 662 1036 709 disciplinam
1075 665 1234 700 inanem
1269 675 1333 701 aut
1366 680 1427 702 su-

67 734 303 768 pervacuam
328 723 593 763 arbitrabatur,
619 722 753 756 urbem
778 723 904 756 intrat.
953 724 1179 770 Legationes
1209 738 1254 760 eo
1281 739 1326 761 ex
1344 730 1426 762 uni-

66 795 177 817 verso
205 784 326 817 ferme
353 784 445 817 orbe
483 782 760 817 confluxerant.
812 784 962 829 Quibus
993 797 1061 830 per
1097 789 1311 834 complures
1347 789 1426 824 dies

63 845 235 879 studiose
263 845 413 888 auditis,
448 845 630 891 deinceps
664 844 711 877 ad
748 845 1045 890 Hephaestionis
1083 849 1261 894 exequias
1286 850 1428 884 adiecit

70 907 255 941 animum.
314 908 423 953 Quae
454 916 604 939 summo
640 905 815 938 omnium
847 907 973 940 studio
1011 909 1064 942 ita
1089 909 1303 944 celebratae
1327 919 1426 954 sunt,

65 975 107 1001 ut
133 969 275 1002 nullius
301 968 349 1002 ad
374 968 415 1002 id
439 975 588 1013 tempus
614 967 711 1011 regis
737 965 872 1001 feralia
904 970 1168 1015 magnitudine
1204 980 1426 1019 sumptuum

64 1038 347 1076 apparatusque
376 1029 597 1063 celebritate
623 1040 703 1061 non
730 1029 904 1062 vicerint.
957 1030 1046 1063 Post
1069 1031 1168 1065 haec
1196 1033 1338 1078 cupido
1366 1034 1426 1068 in·

65 1093 174 1125 cessit
199 1092 275 1135 regi
301 1102 368 1137 per
394 1092 639 1135 Pallacopam
672 1101 823 1123 amnem
860 1091 907 1124 ad
931 1091 1097 1124 Arabum
1124 1091 1292 1127 confinia
1320 1097 1424 1130 navi-

63 1153 199 1196 ¹gandi:
229 1164 306 1197 quo
347 1153 506 1191 delatus,
536 1151 620 1185 urbi
661 1150 887 1183 condendae
916 1152 1120 1185 commoda
1147 1153 1236 1187 sede
1263 1164 1424 1201 reperta,

62 1214 299 1247 Graecorum
329 1220 451 1246 aetate
491 1219 555 1245 aut
589 1211 810 1244 vulneribus
848 1213 1050 1255 invalidos,
1079 1221 1114 1247 et
1139 1215 1169 1248 si
1198 1215 1264 1260 qui
1289 1225 1426 1262 sponte

63 1279 337 1313 remanserant,
363 1272 417 1306 ibi
444 1272 623 1306 collocat.
674 1273 822 1317 Quibus
851 1284 896 1306 ex
921 1275 1112 1308 sententia
1135 1276 1327 1320 perfectis,
1351 1279 1428 1312 iam

63 1335 181 1369 futuri
209 1344 364 1367 securus
395 1332 611 1366 Chaldaeos
640 1334 834 1377 irridebat,
863 1335 966 1380 quod
993 1336 1234 1380 Babylonem
1263 1350 1344 1371 non
1369 1340 1426 1373 in-

63 1407 206 1442 gressus
251 1401 400 1428 tantum
448 1401 543 1426 esset
589 1394 815 1438 incolumis,
860 1407 990 1430 verum
1035 1399 1149 1431 etiam
1192 1401 1422 1436 excessisset.

62 1458 267 1491 Enimvero
293 1455 498 1490 revertenti
529 1466 598 1500 per
631 1455 801 1502 paludes,
826 1469 917 1502 quas
951 1459 1163 1505 Euphrates
1186 1460 1227 1493 in
1253 1462 1425 1496 Pallaco-

61 1530 151 1566 pam
178 1517 318 1552 est'usus
346 1516 481 1560 efficii,
504 1516 663 1550 foedum
690 1529 804 1551 omen
831 1518 1001 1552 oblatum
1029 1527 1095 1554 est.
1149 1521 1303 1569 Quippe
1329 1524 1424 1557 rami

64 1581 228 1625 desuper
265 1578 528 1625 impendentes
563 1577 777 1628 detractum
813 1580 928 1625 capiti
967 1582 1072 1627 regio
1095 1582 1274 1616 diadema
1298 1585 1424 1630 proie-

64 1648 197 1674 cerunt
223 1640 265 1674 in
291 1639 442 1675 fluctus».
494 1640 593 1673 Cum
631 1640 770 1674 deinde
805 1640 879 1674 alia
906 1653 1018 1688 super
1044 1644 1119 1678 alia
1141 1645 1363 1691 prodigiosa
1389 1655 1425 1681 et

61 1702 229 1736 minacia
256 1702 538 1743 nuntiarentur,
565 1701 815 1746 procurandis
850 1701 895 1734 iis
927 1702 1075 1737 Graeco
1109 1705 1223 1740 simul
1245 1708 1424 1743 barbaro-

61 1775 136 1810 que
169 1763 243 1797 ritu
277 1764 462 1796 continua
496 1773 604 1796 sacra
635 1762 738 1796 facta
776 1769 874 1796 sunt.
935 1765 1070 1811 Neque
1114 1773 1246 1802 tamen
1279 1771 1425 1815 expiari

58 1833 327 1872 praeterquam
353 1832 476 1858 morte
503 1824 597 1870 regis
623 1830 794 1869 potuere.
846 1824 922 1869 Qui
957 1837 1044 1858 cum
1066 1827 1289 1863 Nearchum
1316 1842 1424 1865 exce-

59 1889 176 1934 pisset
200 1887 394 1929 convivio,
427 1887 581 1931 iamque
608 1885 779 1918 cubitum
806 1885 924 1919 iturus
950 1894 1057 1930 esset,
1083 1889 1205 1923 Medii
1236 1891 1425 1926 Larissaei

61 1948 212 1982 obnixis
234 1948 413 1994 precibus
449 1947 568 1989 dedit,
593 1953 636 1980 ut
666 1946 714 1979 ad
743 1958 830 1980 eum
858 1947 1102 1982 comissatum
1129 1953 1286 1987 veniret.
1347 1955 1423 1988 Ubi

61 2017 264 2056 postquam
284 2016 366 2044 tota
389 2017 504 2043 nocte
528 2015 780 2055 perpotasset‚
810 2008 910 2042 male
935 2009 1077 2044 habere
1104 2014 1243 2058 coepit.
1295 2013 1425 2062 Ing'ra-

60 2082 217 2105 vescens
247 2070 388 2104 deinde
412 2071 566 2104 morbus
609 2069 706 2103 adeo
732 2081 866 2104 omnes
893 2071 990 2105 vires
1017 2073 1118 2107 intra
1144 2082 1294 2108 sextum
1317 2076 1421 2110 diem

59 2131 249 2174 exhausit,
276 2139 318 2164 ut
339 2143 388 2165 ne
420 2132 527 2165 vocis
563 2130 718 2177 quidem
744 2138 910 2177 potestas
938 2140 1043 2168 esset.
1096 2135 1247 2169 Interea
1269 2137 1423 2181 milites,

56 2193 318 2227 sollicitudine
348 2193 615 2238 desiderioque
640 2192 721 2226 eius
744 2193 860 2235 anxii,
890 2205 1124 2241 quamquam
1145 2196 1421 2234 obtestantibus

59 2255 233 2297 ducibus,
263 2267 311 2288 ne
347 2254 608 2289 valetudinem
643 2254 738 2299 regis
769 2263 986 2301 onerarent,
1015 2267 1292 2304 expresserunt,
1311 2262 1421 2295 utin

60 2305 309 2363 conspectum
335 2317 412 2350 eius
444 2315 767 2360 admitterentur]

140 2407 419 2448 Intuentibus
457 2406 664 2449 lacrimae
711 2407 894 2450 obortae
936 2409 1178 2463 praebuere
1222 2413 1481 2470 speciem14

57 2478 146 2519 iam
200 2493 289 2519 non
327 2494 496 2536 regem,
546 2478 622 2519 sed
669 2477 801 2520 funus
841 2480 931 2521 eius
968 2480 1144 2523 visentis
1193 2485 1417 2526 exercitus.

8 2570 15 2581 ¹
59 2550 239 2592 Maeror
266 2557 415 2592 tamen
447 2550 827 2592 circumstantium
853 2552 1019 2594 lectum
1038 2553 1279 2595 eminebat:
1307 2571 1418 2611 quos

57 2628 106 2662 ut
133 2636 204 2662 rex
233 2621 438 2678 adspexit,
468 2625 722 2673 Invenietis,
761 2623 916 2680 inquit,
956 2641 1051 2666 cum
1083 2642 1318 2678 excessero,
1351 2630 1418 2670 di-
