1703 2961
253 161 337 202 290
712 155 769 212 Q.
801 154 1007 199 cumn
1034 155 1173 198 Ruri

258 271 412 314 iisdem
436 267 690 325 insignibus,
725 267 821 324 quis
855 274 1155 316 assueverant,
1185 282 1289 310 curn
1317 268 1460 325 ipsum
1497 270 1624 312 vehe-
1686 312 1691 319 ,

260 351 374 386 rent.
454 339 580 396 Quae
619 339 855 380 liberalitas
893 339 1006 382 sicut
1051 339 1291 381 barbarum
1321 341 1683 392 obstrinxerat,1:

261 416 321 458 ita
347 413 516 457 amicos
546 412 680 470 ipsius
705 410 990 453 vehementer
1020 410 1221 453 offendit.
1283 413 1322 454 E
1349 413 1506 469 quibus
1537 415 1630 457 Me-

264 489 419 547 leager,
460 499 592 542 super
630 497 818 526 coenam
855 481 1038 538 largiore
1074 483 1176 526 vino
1209 500 1321 535 usus,
1351 486 1556 542 gratulari
1586 503 1633 529 se

266 558 516 603 Alexandro
559 556 676 607 dixit,
715 554 838 613 quod
866 554 1020 596 saltem
1050 555 1096 596 in
1125 556 1248 598 lndia
1285 558 1548 614 repperisset
1573 559 1637 600 di·-

269 647 406 691 gnum
438 629 612 672 talentis
651 627 782 670 mille·
851 628 958 675 Rex,
996 626 1117 668 haud
1150 627 1312 669 oblitus
1342 644 1476 685 quam
1508 645 1634 688 aegre
1652 644 1684 667 11

271 705 455 752 tulisset,
492 701 614 759 quod
643 700 813 743 Clitum
845 699 902 740 ob
930 699 1102 756 linguae
1130 700 1429 742 temeritatem
1458 703 1639 744 occidis-

272 783 349 827 set,
377 776 492 816 iram
528 771 709 830 quidem
749 772 907 819 tenuit,
956 771 1032 812 sed
1071 770 1188 819 dixit,
1230 771 1400 815 invidos
1436 773 1641 817 homines

273 847 383 890 nihil
413 845 542 896 aliud,
568 859 701 902 quam
733 843 932 900 ipsorum
956 858 1046 885 esse
1071 850 1309 886 tormenta.

213 919 267 963 44
363 920 546 962 Postero
576 918 646 959 die
673 917 802 973 legati
836 915 1047 956 Abisarae
1081 915 1226 957 adiere
1254 930 1419 972 regem.
1477 917 1684 960 Omniax

278 989 443 1035 dicioni
475 990 578 1040 eius,
609 989 668 1030 ita
698 996 748 1030 ut
775 988 1038 1029 mandatum
1069 995 1173 1035 erat,
1208 989 1549 1045 permittebant;
1581 989 1651 1032 fir-

281 1071 491 1120 mataque
520 1061 709 1103 invicem
736 1060 836 1108 fide,
866 1060 1153 1103 remittuntur
1181 1061 1236 1102 ad
1266 1076 1427 1118 regern.
1482 1063 1650 1104 Porum

287 1150 462 1194 quoque
502 1132 694 1174 nominis
733 1133 796 1174 sui
837 1132 957 1174 fama
987 1140 1107 1174 ratus
1138 1133 1193 1175 ad
1222 1134 1496 1175 deditionem
1525 1150 1653 1191 posse

291 1205 510 1264 compelli,
547 1204 668 1246 misit
697 1203 752 1246 ad
778 1219 881 1245 eum
909 1204 1231 1255 Cleocharen,¹
1269 1206 1342 1264 qui
1375 1207 1658 1250 denuntiaret

287 1280 338 1331 ei,
358 1286 408 1320 ut
425 1276 692 1333 stipendium
710 1277 938 1333 penderet,
963 1284 1006 1318 et
1029 1277 1072 1318 in
1091 1278 1237 1333 primo
1258 1293 1438 1320 suorum
1462 1280 1616 1322 finium
1631 1285 1652 1308 ²

287 1352 410 1394 aditu
451 1356 706 1392 occurreret
741 1348 845 1405 regi.
915 1350 1055 1390 Porus
1097 1348 1283 1391 alterum
1324 1364 1374 1391 ex
1413 1350 1479 1392 his
1516 1351 1653 1395 factu-

288 1439 392 1466 rum
414 1437 506 1464 sese
547 1421 789 1478 respondit,
819 1428 868 1462 ut
899 1420 1082 1462 intranti
1109 1436 1294 1477 regnum
1325 1437 1453 1464 suum
1481 1434 1657 1480 praesto

292 1503 417 1544 esset,
447 1494 523 1537 sed
554 1500 761 1536 armatus.
803 1496 898 1534 Iam
924 1493 1162 1550 Hydaspen
1183 1493 1428 1536 Alexander
1455 1511 1658 1553 superare

293 1570 571 1617 decreverat,
616 1581 718 1608 cum
757 1564 1065 1612 Barzaentes,3
1115 1565 1374 1608 defectionis
1412 1568 1662 1613 Arachosiis

293 1647 463 1691 auctor,
500 1639 673 1680 vinctus
710 1636 973 1695 trigintaque
1009 1636 1228 1694 elephanti
1270 1639 1397 1680 simui
1425 1642 1539 1697 capti
1565 1658 1663 1698 per-

294 1714 530 1761 ducuntur,
563 1716 868 1766 opportunum
898 1709 1102 1750 adversus
1130 1710 1266 1752 Indos
1294 1711 1511 1763 auxilium,
1540 1715 1662 1772 quip-

292 1801 349 1843 pe
384 1785 481 1842 plus
518 1782 565 1824 in
610 1781 769 1830 beluis,
809 1797 944 1839 quam
979 1780 1025 1823 in
1067 1783 1260 1825 exercitu
1296 1783 1385 1840 spei
1429 1799 1478 1826 ac
1507 1785 1664 1828 virium

295 1857 377 1899 illis
414 1862 519 1898 erat.
587 1853 909 1911 Gamaxusque‚
944 1870 1019 1896 rex
1053 1855 1229 1912 exiguae
1259 1856 1396 1912 partis
1435 1858 1663 1911 Indorum,

299 1928 373 1988 qui
412 1928 643 1970 Barzaenti
684 1942 728 1968 se
772 1926 1081 1978 coniunxerat,
1117 1927 1288 1969 vinctus
1331 1929 1547 1972 adductus
1588 1940 1662 1974 est.

298 2002 439 2059 Igitur
489 1998 711 2056 transfuga
752 2006 796 2040 et
833 1999 981 2055 regulo
1025 1999 1069 2040 in
1113 2000 1375 2050 custodiam,
1422 2001 1666 2060 elephantis

300 2081 451 2116 autem
487 2073 625 2114 Taxili
665 2071 845 2122 traditis,
890 2072 946 2113 ad
979 2087 1157 2113 amnem
1188 2072 1426 2130 Hydaspen
1453 2077 1664 2130 pervenit,

300 2146 347 2188 in
373 2145 494 2188 cuius
525 2144 733 2186 ulteriore
760 2144 855 2201 ripa
883 2145 1023 2186 Porus
1055 2144 1328 2194 consederat,
1359 2147 1546 2188 transitu
1567 2164 1690 2205 pro-f

300 2217 520 2260 bibiturus
561 2217 750 2259 hostem.
819 2229 928 2258 Lxxx
967 2223 1011 2257 et
1049 2218 1108 2256 ν’*
1149 2215 1403 2271 elephantos
1443 2219 1668 2263 obiecerat

303 2289 460 2331 eximio
501 2305 743 2346 corporum
782 2289 961 2340 robore,
1000 2289 1200 2345 ultraque
1227 2304 1302 2331 eos
1333 2305 1485 2332 currus
1514 2306 1599 2343 ccc,
1627 2298 1690 2336 et'

302 2362 505 2418 peditum
533 2374 616 2404 xxx
644 2361 736 2404 fere
767 2362 901 2412 milia,
930 2362 974 2403 in
1010 2361 1105 2419 quis
1133 2368 1258 2402 erant
1287 2363 1509 2418 sagittarii,
1540 2365 1668 2408 sicuti

305 2441 408 2475 ante
439 2434 609 2477 dictum
647 2442 724 2487 est,
762 2434 1035 2493 gravioribus
1073 2433 1178 2485 telis,
1220 2449 1354 2491 quam
1385 2443 1436 2477 ut
1471 2444 1572 2494 apte
1602 2454 1671 2480 ex-

1689 2584 1692 2598 l

305 2610 323 2633 ¹
349 2610 615 2646 Cleocharem.
688 2611 709 2637 2
732 2609 868 2646 finium
893 2621 1064 2645 suorum.
1156 2608 1176 2640 3
1203 2609 1420 2655 Barzemes,
1446 2614 1539 2646 item
1565 2623 1666 2658 post.
1687 2610 1692 2647 ‘L

394 2667 415 2694 4
449 2677 579 2699 lxxxv.
1688 2674 1691 2690 ¹
