1703 2961
404 159 483 198 DE
513 153 707 195 GESTIS
753 150 913 190 ALEX.
959 151 1030 198 IV,
1056 149 1095 187 2.
1386 140 1439 183 45

96 278 210 320 nium
239 284 382 315 tamen
411 268 589 324 reliquit
619 267 664 305 in
699 264 889 310 Graecia,
917 271 966 302 ut
995 261 1144 300 absens
1174 271 1338 313 quoque
1365 267 1441 309 po-

35 350 317 405 12pularetur
355 344 498 391 urbes,
542 352 670 392 agros
714 344 866 377 ureret.
937 333 1194 384 Philippum
1231 344 1335 370 vero
1366 342 1444 382 pa-

97 433 257 462 rentem
295 432 428 458 meum
475 413 572 468 quis
609 412 786 463 ignorat
824 407 879 447 ab
915 407 984 446 his
1022 399 1297 460 intersectum
1338 415 1446 448 esse,

99 508 205 550 quos
233 492 422 544 ingentis
446 486 651 542 pecuniae
678 497 755 535 spe
783 480 1131 521 sollicitaverant
1156 475 1325 515 vestri?
1361 474 1447 512 Im-

100 569 180 620 pia
209 565 319 604 enim
357 561 467 601 bella
501 555 740 608 suscipitis,
760 599 762 601 ,
779 564 821 594 ct
849 567 939 593 cum
966 550 1161 590 habeatis
1190 560 1319 594 arma,
1349 546 1445 584 lice-

103 639 209 679 mini
234 638 247 659 ¹
278 636 467 676 host-ium
494 630 667 683 capita:
697 628 809 666 sicut
836 635 884 665 tu
903 624 1100 677 proxime
1119 620 1297 660 talentis
1317 617 1447 665 mille,

44 711 220 752 meanti
248 709 458 748 exercitus
486 718 579 750 rex,
608 712 896 754 percussorem
927 699 971 737 in
997 711 1061 735 me
1089 708 1221 733 emere
1249 690 1446 732 voluisti.

102 783 284 839 Repello
319 781 458 833 igitur
485 776 650 823 bellum,
687 786 770 813 non
800 773 843 810 in
872 785 954 810 ero.
1020 769 1087 808 Et·
1122 767 1212 806 Dii
1232 765 1252 788 ²
1284 777 1449 819 quoque

103 871 184 911 pro
214 854 386 895 meliore
425 858 544 891 stant
571 847 586 874 ³
621 859 774 893 causa5
814 857 1007 895 magnam
1040 848 1210 893 partem
1247 839 1378 879 Asiae
1405 837 1453 876 in

105 931 316 970 dicionem
346 924 495 977 redegi
523 935 669 966 meam,
710 927 753 957 te
777 917 918 969 ipsum
950 914 1040 952 acie
1065 913 1167 951 vici.
1225 912 1360 974 Quem
1391 918 1455 949 et-

107 1004 148 1043 si
179 1000 287 1041 nihil
308 1015 334 1038 a
367 1014 430 1038 me
459 998 690 1047 impetrare
720 988 960 1042 oportebat,
987 993 1139 1037 utpote
1168 985 1244 1038 qui
1269 999 1321 1023 ne
1355 981 1458 1022 belli

107 1076 281 1130 quidem
315 1074 360 1112 in
399 1084 462 1108 me
503 1069 600 1105 iura
641 1062 900 1106 servaveris,
931 1068 1072 1097 tamen
1099 1056 1141 1095 si
1163 1057 1333 1095 veneris
1358 1069 1459 1108 sup-

107 1148 226 1202 plex,
275 1152 319 1184 et
355 1150 534 1182 matrem
582 1145 626 1176 et
657 1134 878 1185 coniugem
914 1140 958 1170 et
989 1129 1145 1169 liberos
1184 1130 1278 1168 sine
1313 1127 1459 1181 pretio

44 1227 370 1272 14recepturum
408 1228 497 1253 esse
519 1211 542 1235 4
585 1207 811 1262 promitto.
876 1205 943 1244 Et
974 1203 1146 1241 vincere
1175 1213 1216 1241 et
1247 1200 1462 1241 consulere

108 1293 247 1333 victis
273 1290 376 1329 scio.
437 1284 566 1349 Quod
591 1283 680 1321 site
701 1279 978 1318 committere
1007 1273 1163 1315 nohis⁵
1219 1275 1361 1320 times,
1390 1273 1464 1312 da-

108 1359 413 1418 bimusfidem‚
442 1359 613 1410 impune
642 1361 881 1407 venturum.
939 1348 1016 1387 De
1046 1356 1198 1395 cetero,
1232 1361 1324 1386 cum
1354 1345 1463 1384 mihi

111 1428 281 1482 scribes,
326 1439 532 1471 memento
569 1440 652 1467 non
685 1426 820 1465 solum
858 1423 951 1474 regi
989 1430 1057 1468 he,
1099 1420 1178 1458 sed
1219 1421 1351 1459 etiam
1389 1427 1466 1457 tuo

110 1508 302 1550 scribere.
340 1502 411 1543 Ad
428 1500 545 1541 hanc
566 1494 876 1553 perferendam
895 1490 1164 1545 Thersippus
1184 1496 1247 1530 est
1261 1488 1429 1531 missus.
1445 1487 1468 1512 ὅ

51 1633 96 1660 15
193 1609 289 1663 Ipse
320 1602 365 1643 in
391 1598 644 1643 Phoenicen
677 1593 913 1642 descendit,
936 1593 954 1618 ⁷
985 1597 1028 1632 et
1058 1589 1274 1646 oppidum
1293 1588 1469 1643 Byblon

111 1678 324 1722 traditum
350 1672 530 1728 recepit.
584 1668 690 1710 Inde
719 1666 773 1706 ad
802 1664 965 1706 Sidona
996 1671 1176 1704 ventum
1205 1666 1282 1709 est,
1312 1660 1471 1701 urbem

51 1770 98 1800 16
113 1754 326 1794 vetustate
354 1745 559 1798 famaque
592 1737 875 1781 conditorum
908 1735 1113 1776 inclitam.
1170 1732 1400 1788 Regnabat
1425 1733 1473 1772 in

117 1839 167 1865 ea
198 1821 357 1867 Strato,
383 1814 516 1857 Darei
549 1811 705 1868 opibus
744 1807 936 1857 adiutus,
966 1807 1040 1847 sed
1069 1806 1169 1862 quia
1201 1803 1473 1844 deditionem

116 1893 254 1950 magis
279 1887 573 1946 popularium,
603 1897 737 1939 quam
760 1895 835 1921 sua
864 1885 1018 1933 sponte
1048 1877 1225 1925 fecerat,
1253 1888 1387 1932 regno
1416 1874 1476 1915 vi-

119 1980 189 2007 sus
233 1961 447 2016 indignus,
490 1951 891 2011 Hephaestionique
928 1949 1204 2006 permissum,
1241 1954 1301 1996 ut,
1344 1960 1479 2002 quem

61 2060 104 2086 17
123 2052 175 2079 eo
214 2032 385 2088 fastigio
428 2027 601 2072 Sidonis
626 2026 642 2051 ⁸
679 2022 980 2080 dignissimum
1012 2019 1300 2060 arbitraretur
1321 2018 1343 2042 9
1377 2032 1481 2059 con<

121 2107 319 2150 stitueret
341 2116 502 2158 regem.
550 2099 691 2139 Erant
717 2091 1060 2150 ‚Hephaestionis
1080 2095 1124 2115 ¹⁰
1156 2089 1350 2145 hospites
1378 2087 1481 2131 clari

122 2180 238 2221 inter
265 2190 366 2217 suos
407 2173 604 2213 iuvenes:
634 2167 707 2224 qui
734 2165 851 2207 facta
878 2163 978 2218 ipsis
1004 2168 1222 2218 potestate
1252 2159 1480 2216 regnandi,

122 2252 400 2306 negaverunt,
438 2253 707 2300 quemquam
751 2236 895 2290 patrio
931 2247 1057 2276 more
1093 2232 1139 2272 in
1180 2231 1224 2272 id
1259 2231 1483 2288 fastigium

63 2319 274 2373 13recipi‚
305 2316 386 2358 nisi
421 2313 536 2369 regia
576 2310 708 2366 stirpe
761 2315 925 2349 ortum.
992 2303 1248 2346 Admiratus
1284 2302 1484 2357 Hephae-

128 2416 391 2432 ...μ-*-

129 2483 145 2506 1
174 2476 389 2514 licitamini.
568 2468 588 2495 2
617 2468 703 2503 diis.
890 2464 909 2495 3
933 2463 1131 2499 stantibus,
1334 2461 1356 2492 4
1381 2472 1483 2495 rece,

214 2538 367 2577 pturum
391 2534 439 2560 te
467 2537 558 2560 esse.
717 2523 735 2551 ⁵
764 2520 876 2554 nobis
902 2518 1152 2553 committere.
1268 2527 1271 2529 ·
1312 2514 1333 2538 6
1360 2514 1482 2548 abest.

219 2586 236 2612 7
276 2585 316 2616 in
346 2581 583 2615 Phoenicem
617 2575 801 2611 deinde
836 2573 1047 2606 descendit.
1253 2566 1271 2595 8
1309 2567 1483 2600 ffidones.

221 2640 239 2665 9
269 2637 547 2670 arbitrarentur.
754 2630 794 2653 10
817 2624 1108 2672 Hephaestioni.

1503 1583 1531 1624 ω
