1703 2961
266 157 348 200 246
727 152 782 208 Q.
818 146 1019 192 CURTll
1047 143 1186 186 RUFI

270 277 378 315 trapa
401 268 442 301 in
466 268 596 302 locum
627 264 717 299 Cliti
753 261 961 296 constituto
995 257 1171 300 Amynta,
1198 253 1278 300 ipse
1300 253 1480 300 Xenippa
1504 249 1617 298 profl-
1650 291 1654 299 1

275 330 439 364 ciscitur.
477 328 670 363 Bactriani
701 325 826 361 exules
851 331 979 368 pugna
1003 329 1090 351 cum
1113 317 1273 360 Amynta
1297 314 1397 348 facta
1415 315 1620 360 pelluntur,

275 391 428 424 veniam
462 397 592 423 tamen
625 384 852 421 desectionis
885 383 1100 427 impetrant.
1162 377 1222 421 (S)
1260 375 1471 409 Alexander
1502 375 1544 408 in
1568 386 1623 407 re-

276 452 445 498 gionem,
471 461 568 496 quae
589 451 757 483 Nautaca
777 444 1002 490 appellatur,
1019 438 1204 486 pervenit,
1232 436 1337 469 cuius
1365 435 1507 470 aditum
1528 435 1628 480 Sysi-

278 513 433 546 mithres
460 510 674 558 praefectus
711 506 933 539 muniverat.
992 500 1166 546 Perrupit
1196 507 1325 530 tamen
1346 508 1419 535 rex.
1447 497 1515 530 sed
1541 507 1641 539 euml,

277 574 474 619 voragines
509 569 746 617 superandae
784 567 896 606 etiam
931 571 1074 601 essent,
1115 561 1174 606 (9)
1207 560 1376 593 Oxarten
1417 558 1530 600 misit,
1563 556 1630 602 qui

280 633 496 680 Sysimithri
540 630 803 678 persuaderet,
837 633 878 660 ut
909 633 1055 672 petram
1086 622 1263 656 traderet.
1324 620 1404 654 Diu
1436 626 1632 654 cunctatus

283 695 525 740 Sysimithres
557 692 652 738 regis
684 688 864 737 potestati
901 698 982 722 sese
1016 684 1201 732 permisit,
1241 689 1277 716 et
1304 681 1507 727 imperium
1532 689 1634 712 rece-

281 758 353 802 pit.
403 756 485 801 (10)
507 754 609 802 lude⁸
627 759 770 786 ceteros
796 750 957 785 rebelles
983 759 1070 782 curn
1097 744 1286 791 equitibus
1313 749 1419 776 tanta
1443 740 1635 778 celeritate

283 824 502 864 persecutus
536 823 606 858 est,
640 821 680 847 ut
719 812 896 858 plerique
929 809 1039 856 pueri
1085 806 1232 841 nobiles
1269 801 1493 838 deficerent:
1538 811 1635 835 unus

285 878 485 923 Philippus
527 875 690 922 pedibus
723 884 873 906 cursum
904 872 1002 916 regis
1044 867 1220 913 aequavit
1247 865 1508 912 pugnavitque
1532 863 1638 896 sorti·

286 947 354 979 ter,
379 939 444 972 sed
482 939 573 971 fusis
610 936 782 970 hostibus
815 940 973 980 propter
999 929 1158 963 nimiam
1186 926 1477 961 contentionem
1501 923 1641 957 virium

287 1002 395 1036 illico
422 1001 610 1045 collapsus
635 998 822 1032 extinctus
847 1001 914 1028 est.
962 993 1058 1026 Item
1080 988 1266 1033 Erigyius,
1292 993 1397 1019 vetus
1424 985 1513 1027 dux,
1543 995 1641 1016 mor-

289 1064 340 1097 bo
377 1061 550 1095 decessit.
611 1059 688 1105 (11)
723 1058 949 1101 Priusquam
983 1063 1048 1086 rex
1080 1049 1222 1091 Dahas,
1258 1046 1360 1093 apud
1386 1056 1480 1091 quos
1505 1043 1644 1078 versari

291 1124 552 1169 Spitamenem
579 1125 827 1166 compererat,
851 1122 1006 1164 peteret,
1032 1113 1098 1147 ille
1120 1110 1168 1144 ab
1188 1119 1307 1144 uxore
1333 1118 1400 1141 sua
1423 1112 1646 1152 perpetuam

291 1186 422 1226 sugam,
455 1195 563 1228 aegre
597 1183 744 1215 serente
785 1177 1022 1213 interficitur.
1091 1174 1171 1219 (12)
1201 1170 1316 1204 Cuius
1346 1173 1459 1213 caput
1485 1165 1646 1202 afferens

294 1247 432 1279 mulier
455 1256 521 1290 spe
545 1243 803 1289 praemiorum
829 1241 875 1274 ab
904 1236 1118 1274 Alexandro
1148 1229 1463 1278 accipiendorum
1491 1225 1644 1259 excidit.

295 1310 378 1354 (13)
405 1306 539 1340 Dahae
569 1303 843 1349 Artaphernem
876 1300 1053 1338 tradunt,
1088 1304 1204 1340 seque
1237 1291 1310 1338 ipsi
1348 1289 1443 1334 regis
1471 1278 1651 1334 potestati

296 1370 536 1404 submittunt.
594 1364 835 1410 Satraparum
866 1362 908 1397 in
935 1361 1010 1394 suis
1040 1358 1225 1400 cuiusque
1248 1350 1460 1399 provinciis
1488 1347 1652 1383 iniuriae

297 1430 556 1465 vindicantur.
626 1423 702 1472 (tlt.
736 1426 813 1469 15.)
845 1422 1018 1458 Exeume
1051 1418 1178 1452 hieme
1217 1415 1326 1460 (post
1361 1413 1517 1446 initium
1548 1423 1584 1442 a.
1617 1421 1654 1444 a.

300 1492 390 1527 Chr.
418 1498 504 1524 nat.
538 1488 638 1526 328.)
670 1485 885 1521 Alexander
942 1481 1153 1527 regionem,
1192 1486 1289 1523 quae
1312 1474 1466 1507 Gabaza
1491 1470 1661 1517 appella·

291 1558 374 1591 tur,
400 1552 568 1586 aditurus
590 1561 611 1583 a
627 1555 705 1581 tam
725 1547 843 1582 atroci
870 1549 1093 1589 tempestate
1114 1536 1342 1585 opprimitur
1370 1545 1413 1568 ac
1438 1532 1595 1579 frigore,
1621 1537 1662 1565 ut

303 1615 412 1649 mille
437 1613 615 1649 homines
646 1607 875 1645 interierint,
915 1603 1099 1638 exercitus
1134 1606 1265 1634 tamen
1299 1607 1322 1630 a
1345 1594 1569 1640 Sysimithre
1593 1604 1662 1638 op·-

304 1681 468 1723 portune
496 1671 705 1706 adiuvatur.
765 1668 950 1712 Sagorum
985 1665 1162 1709 (ignotae
1196 1659 1381 1703 nacionis)
1415 1656 1519 1702 regio
1544 1661 1663 1688 vasta-

295 1738 396 1770 'tur.'
454 1733 537 1780 (16)
573 1732 666 1766 Inde
699 1730 746 1764 ad
780 1740 863 1762 eam
894 1725 1090 1771 regionem
1116 1721 1233 1762 venit,
1261 1720 1322 1753 cui
1347 1720 1530 1763 Oxyartes
1556 1725 1662 1762 prae-

309 1804 398 1839 erat,
428 1796 493 1841 qui
522 1807 607 1828 cum
636 1793 732 1838 regis
759 1788 846 1823 fidei
874 1797 954 1820 sese
979 1783 1222 1830 permisisset,
1249 1780 1467 1815 convivium
1495 1783 1662 1825 apparat,

309 1861 351 1893 in
385 1870 460 1904 quo
490 1855 702 1890 Alexander
734 1854 930 1890 Roxanes,
962 1847 1064 1881 illius
1092 1843 1215 1886 filiae,
1257 1854 1385 1876 amore
1419 1841 1472 1875 ita
1507 1840 1662 1886 capitur,

310 1916 482 1955 utiu'stis
511 1917 654 1964 nuptiis
683 1926 765 1948 eam
791 1911 864 1946 sibi
892 1909 1072 1954 adiungat
1096 1917 1267 1940 uxorem.

358 1983 440 2028 (17)
466 1981 567 2014 Tota
593 1975 794 2024 provincia
823 1978 975 2019 pacata,
1011 1970 1174 2014 (Bactra
1199 1965 1390 2009 reversus)
1417 1976 1504 1999 cum
1530 1962 1663 2008 cogita·

314 2045 439 2079 tiones
467 2042 513 2075 ad
531 2040 684 2074 bellum
724 2035 900 2070 Indicum
937 2030 1118 2064 vertisset.
1144 2028 1298 2072 triginta
1324 2026 1430 2060 milia
1458 2025 1622 2059 militum
1647 2033 1662 2056 ε

315 2105 438 2142 Persia
465 2101 658 2137 conscribi
683 2098 807 2137 iussit,
834 2095 915 2141 ipse
941 2093 1055 2126 etiarn
1083 2091 1279 2124 Persarum
1305 2099 1409 2123 more
1433 2099 1512 2121 non
1540 2097 1562 2119 a
1588 2085 1663 2119 bar·

305 2166 420 2201 *baris
448 2165 586 2204 solum,
614 2154 1008 2203 sedaMacedonibus
1036 2151 1182 2185 adorari
1209 2151 1340 2185 voluit.
1376 2149 1457 2195 (18)
1472 2149 1603 2192 Itaque
1630 2145 1664 2178 ir.

320 2225 570 2263 sollemnibus
597 2221 735 2268 epulis,
771 2230 857 2252 cum
884 2227 948 2250 rex
985 2214 1225 2256 discessisset,
1261 2223 1305 2246 ex
1335 2208 1549 2255 composito
1577 2206 1664 2240 Clet

322 2289 473 2324 Siculus
502 2285 679 2319 convivas
701 2279 844 2315 hortari
871 2279 1013 2324 coepit.
1040 2284 1079 2311 ut
1105 2273 1359 2310 Alexandrum
1387 2270 1524 2305 divinis
1549 2268 1656 2303 hono

322 2352 426 2386 ribus
464 2349 648 2382 colerent.
704 2343 786 2387 (19)
821 2339 1047 2386 'Respondet
1077 2338 1134 2371 illi
1171 2348 1240 2383 pro
1267 2334 1398 2368 ceteris
1424 2329 1656 2366 Callisthene

325 2410 532 2457 Olynthius
561 2407 662 2454 gravi
703 2417 746 2438 ac
775 2404 872 2437 salsa
908 2401 1093 2440 oratione,
1127 2398 1208 2443 (20)
1236 2407 1311 2441 qua
1339 2405 1529 2428 consensu
1556 2384 1664 2439 pluri·

328 2482 480 2508 morum
507 2469 734 2516 approbata,
761 2476 826 2499 rex
858 2474 967 2509 aegre
993 2462 1118 2499 serens
1144 2459 1190 2492 ab
1215 2458 1372 2504 incepto
1397 2454 1550 2492 desistit,
1579 2458 1660 2487 ceto

327 2547 412 2570 rum
429 2533 744 2578 Polypercontem
763 2527 1024 2572 (Leonnatum
1049 2519 1170 2556 tradit
1186 2518 1384 2554 Arrianus·
1407 2514 1444 2560 lt,
1470 2515 1546 2560 12)
1575 2525 1624 2559 qu

330 2597 510 2632 barbaros
555 2591 662 2626 humi
701 2587 994 2636 procumbentes
1040 2583 1164 2623 irrisit,
1195 2579 1356 2626 graviter
1389 2576 1575 2621 castigat.‘
1603 2575 1660 2618 (21

327 2660 539 2692 Puerorum
564 2654 757 2699 regiorum*
781 2652 951 2694 (Pagos
978 2646 1085 2681 Galli
1111 2652 1148 2678 ec
1175 2644 1300 2676 nostr-t
1329 2639 1530 2675 Gallorum
1554 2635 1641 2671 imit
