1703 2961
362 111 445 156 DE
473 111 682 157 GESTIS
706 111 876 156 ALEX.
908 113 982 161 vl,
1014 111 1078 152 10.
1322 109 1401 152 165

43 242 163 278 saxo,
191 223 311 283 quod
351 223 568 267 alveolum
596 223 854 281 interpellat,
894 237 1184 282 repercussus,
1214 222 1303 266 duo
1334 222 1402 264 iti-

0 313 10 342 ς
42 314 144 341 nera
173 296 289 337 velut
327 296 581 353 dispensatis
616 297 740 353 aquis
781 296 933 353 aperit.
1003 296 1111 338 Inde
1141 303 1323 345 torrens,
1354 301 1400 336 et

39 384 255 416 saxorum,
284 383 365 425 per
403 384 514 426 quae
548 369 746 416 incurrit,
776 368 1010 426 asperitate
1035 367 1282 415 violentior,
1313 374 1396 409 ter-

37 455 132 482 ram
162 454 373 498 praeceps
410 440 536 482 subit.
596 442 680 482 Per
709 453 781 481 ccc
811 441 949 482 stadia
977 439 1179 482 conditus
1212 437 1396 479 labitur:

36 526 269 569 rursusque
300 512 416 553 velut
445 527 496 554 ex
526 511 609 554 alio
636 511 760 555 fonte
790 519 1028 567 conceptus
1058 510 1215 558 editur,
1244 516 1288 551 et
1316 524 1394 550 no-

1 593 138 637 ·'5vum
155 584 325 626 alveum
341 584 540 633 intendit,
567 584 712 640 priore
744 584 809 626 sui
824 591 948 640 parte
964 582 1209 640 spatiosior.
1255 580 1394 636 Quip-

33 673 89 715 pe
120 657 164 697 in
191 655 469 698 latitudinem
499 655 653 697 decem
683 663 728 697 'et
758 657 923 698 trium¹
961 654 1202 701 stadiorum
1232 652 1393 701 diffun-

35 728 165 775 ditur,
193 743 427 784 rursusque
466 727 784 784 angustioribus
823 728 1040 772 coercitus
1077 726 1183 783 ripis
1207 725 1289 767 iter
1319 723 1392 767 co-

31 799 113 858 git3
142 800 324 841 tandem
355 800 399 841 in
430 799 616 841 alterum
648 815 827 841 amnem
859 799 990 843 cadit.
1047 798 1281 855 Ridagno²
1313 810 1390 836 no-

0 886 134 912 =men
184 879 260 912 est.
337 871 514 914 Incolae
561 871 853 923 affirmabant,
891 871 1142 929 quicunque
1179 865 1386 911 demissi³

0 964 1 985 ι
28 950 170 986 essent
199 943 243 983 in
274 959 519 992 cavernam,
550 960 661 1001 quae
690 945 874 1001 propior
900 951 964 985 est
992 943 1120 993 fonti,
1144 954 1294 989 rursus
1311 937 1387 979 ubi

0 1002 1 1007 ¹
29 1015 143 1057 aliud
180 1031 229 1057 os
269 1016 408 1057 amnis
437 1016 684 1072 aperitur‚⁴
715 1016 908 1060 existere.
963 1016 1117 1072 Itaque
1143 1009 1388 1054 Alexander

0 1070 2 1127 l
29 1088 150 1136 duos,
170 1089 184 1114 ⁵
218 1103 303 1145 qua
340 1088 529 1130 subeunt
567 1103 704 1145 aquae
731 1095 910 1138 terram,
940 1076 1220 1144 praecipitari
1251 1082 1384 1131 iubet,

28 1174 220 1216 quorum
252 1174 456 1216 corpora,
496 1160 572 1201 ubi
602 1175 749 1201 rursus
790 1159 994 1217 erumpit,
1023 1156 1196 1215 expulsa
1225 1155 1384 1202 videre,

27 1231 99 1289 qui
129 1231 244 1273 missi
269 1240 407 1280 erant,
438 1239 490 1274 ut
512 1232 774 1290 exciperent.

113 1295 334 1359 Quartum
360 1304 449 1346 iam
479 1304 596 1345 diem
622 1304 781 1346 eodem
810 1303 910 1345 loco
941 1301 1137 1360 quietem
1162 1297 1290 1340 militi
1314 1295 1445 1339 ‹ie-11

28 1377 164 1425 derat,
196 1391 298 1418 cum
318 1377 480 1418 litteras
498 1375 781 1423 Nabarzanis,
811 1374 885 1431 qui
903 1375 1101 1440 paream
1124 1387 1227 1415 cum
1247 1372 1383 1412 Besso

25 1449 328 1504 interceperat,
350 1448 520 1504 accipit,
540 1462 726 1504 quarum
747 1445 959 1488 sententia
977 1445 1086 1488 haec
1107 1450 1219 1486 erat:
1243 1441 1386 1483 seDa·

26 1536 104 1562 reo
138 1536 229 1561 non
257 1519 386 1561 fuisse
416 1518 661 1566 inimicum,
682 1519 820 1559 immo
841 1518 973 1559 etiam
993 1532 1105 1574 quae
1133 1512 1384 1558 credidisset

28 1591 149 1633 utilia
168 1606 258 1632 esse
282 1592 471 1641 suasisse,
493 1590 646 1647 etquia
664 1589 789 1631 fidele
803 1589 1030 1631 consilium
1059 1588 1148 1644 regi
1181 1585 1383 1631 dedisset,

26 1678 165 1721 prope
195 1663 393 1705 occisum
431 1662 486 1703 ab
521 1677 586 1703 eo.
651 1662 845 1718 Agitasse
879 1661 1093 1708 Dareum,
1133 1657 1383 1701 custodiam

29 1734 225 1792 corporis
253 1735 317 1776 sui
348 1741 503 1777 contra
532 1733 597 1775 ius
624 1733 776 1791 fasque
800 1733 1029 1789 peregrino
1053 1730 1179 1772 militi
1193 1729 1383 1777 tradere,

28 1807 234 1849 damnata
258 1805 541 1863 popularium
581 1804 681 1854 fide,
717 1821 852 1863 quam
889 1819 970 1862 per
998 1804 1213 1846 ducentos
1241 1809 1284 1844 et
1307 1801 1384 1842 tri·

25 1879 140 1936 ginta
163 1880 199 1907 ‘-
237 1893 376 1919 annos
415 1877 667 1919 inviolatam
710 1878 884 1934 regibus
925 1877 1013 1919 suis
1056 1874 1381 1933 praestitissent.

29 1951 84 1994 Se
122 1950 168 1991 in
193 1950 421 2007 praecipiti
454 1956 498 1991 et
524 1948 693 1992 lubrico
721 1957 912 1991 stantem
939 1947 1171 1991 consilium
1210 1961 1234 1988 a
1260 1960 1383 2003 prae-

29 2021 136 2064 senti
172 2022 430 2064 necessitate
475 2021 691 2077 repetisse.
785 2021 983 2063 Dareum
1025 2035 1224 2078 quoque,
1279 2032 1382 2060 cum

29 2093 256 2137 occidisset
296 2095 496 2151 Bagoan,
552 2094 637 2136 hac
687 2093 965 2136 excusatione
1009 2091 1262 2134 satisfecisse
1304 2105 1383 2146 po-

26 2165 267 2222 pularibus,
315 2165 435 2222 quod
481 2164 760 2206 insidiantem
796 2164 876 2206 sibi
918 2163 1219 2206 interemisset.
1305 2162 1383 2205 Ni-

29 2237 92 2279 hil
130 2253 218 2280 esse
258 2236 426 2279 miseris
469 2236 731 2279 mortalibus
775 2236 929 2293 spiritu
976 2236 1129 2278 carius.
1212 2236 1381 2278 Amore

30 2307 120 2350 eius
159 2309 214 2350 ad
250 2308 404 2351 ultima
443 2324 532 2351 esse
568 2308 839 2365 propulsum.
920 2307 1008 2351 Sed
1047 2324 1096 2351 ea
1125 2308 1261 2364 magis·
1291 2321 1382 2347 esse

27 2387 245 2431 secutum,
293 2397 427 2439 quam
472 2384 691 2439 optasse-⁷
765 2382 818 2424 In
860 2381 1087 2424 communi
1135 2379 1383 2424 calamitate

30 2507 49 2532 1
69 2519 151 2541 1111.
349 2507 373 2535 2
396 2508 459 2543 cui
481 2508 674 2555 Rhidago.
890 2508 911 2539 3
938 2519 1190 2556 quaecunque
1215 2510 1380 2544 dimissa.

114 2562 138 2593 4
162 2562 298 2608 aperit.
509 2563 530 2591 5
557 2563 652 2597 duos
688 2569 870 2597 tauros.
1112 2564 1134 2591 6
1159 2565 1223 2599 Sic
1250 2563 1384 2598 editur

115 2613 164 2648 de
189 2617 422 2649 coniectura.
449 2614 571 2651 codd.
597 2620 628 2650 Π
651 2624 687 2650 et
710 2629 776 2651 ccc
801 2629 936 2652 anuos.
1169 2617 1188 2646 7
1212 2619 1276 2654 De
1300 2631 1385 2652 con-

116 2669 284 2704 iectura:
321 2667 429 2704 codd.
467 2681 566 2716 quae
599 2678 777 2718 optasset.
828 2670 953 2707 Edicc.
983 2670 1146 2708 adiectis
1177 2673 1384 2718 compluri-

18 2629 22 2704 l

20 2731 23 2774 ε
