1703 2961
331 344 405 420 Q.
476 342 855 400 CURTII
916 344 1166 402 RUFI

707 472 788 507 DE

564 574 908 617 GESTIS

153 684 857 756 ALEXANDRI
925 684 1327 756 MAGNI

446 833 612 871 REGIS
658 832 941 872 MACEDON
948 834 1030 872 UM

538 995 749 1039 LIBER
794 998 908 1040 VIII.

467 1247 751 1290 ARGUME
765 1251 898 1290 NTU
913 1251 973 1289 M.

55 1331 115 1377 (1)
140 1301 390 1371 Alexander
423 1334 551 1370 divisis
586 1336 708 1381 copiis
743 1335 902 1370 rebelles
929 1335 1191 1382 persequitur:
1217 1334 1402 1381 Spitame—

39 1411 119 1433 .nes
148 1411 235 1432 cum
269 1397 437 1431 exulibus
479 1397 705 1440 Bactrianis,
742 1400 940 1444 assumptis
976 1400 1018 1432 in
1054 1397 1238 1432 auxilium
1282 1397 1402 1430 Dahis

35 1467 91 1495 vet
123 1460 348 1504 Massagetis,
383 1459 553 1493 Attinam
594 1459 828 1505 praefectum
862 1460 1122 1494 Macedonum
1157 1459 1200 1492 in
1244 1445 1401 1491 insidias

50 1522 277 1567 perductum
311 1519 557 1561 interficiunt,
593 1520 658 1553 sed
696 1531 718 1553 a
743 1520 898 1554 Cratero
925 1521 1154 1554 adventante
1179 1519 1401 1564 opprimun-

33 1588 120 1615 itur,
176 1580 389 1615 Alexander
422 1580 654 1612 Maracanda
688 1581 798 1621 redit,
831 1581 963 1626 ibique
993 1580 1204 1625 legationes
1243 1578 1401 1623 Scytha-

48 1654 132 1677 rum
149 1642 266 1684 audit,
294 1641 618 1686 Phrataphernem
641 1650 768 1684 regem
793 1640 1104 1675 Chorasmiorum
1130 1640 1175 1673 in
1197 1638 1315 1673 fidem
1340 1651 1399 1673 ac-

48 1703 154 1749 cipit.
200 1702 295 1736 Inde
320 1702 478 1735 Bazaira
503 1698 773 1747 proficiscitur,
802 1700 861 1746 (2)
887 1702 954 1734 ubi
981 1702 1022 1734 in
1049 1701 1222 1734 maximis
1247 1700 1398 1734 vivariis

30 1777 133 1800 .cum
152 1770 236 1798 toto
264 1763 429 1797 exercitu
456 1769 623 1805 venatur,
651 1768 688 1794 et
712 1761 867 1794 leonem
886 1763 968 1807 ipse
991 1763 1092 1796 solus
1115 1763 1267 1804 occidit,
1293 1761 1399 1809 quod

29 1837 95 1870 sne
119 1825 283 1871 posthac
305 1824 431 1858 facere
453 1824 586 1870 possit,
622 1823 775 1856 decreto
811 1823 1070 1856 Macedonum
1105 1824 1286 1857 sancitur.
1335 1823 1396 1869 (3)

44 1886 276 1920 Maracanda
309 1897 474 1919 reversus
516 1886 659 1918 Clitum
690 1884 866 1918 Artabazi
892 1884 966 1918 iam
1003 1885 1161 1918 senioris
1194 1885 1286 1918 loco
1308 1896 1396 1931 pro—

42 1948 194 1982 vinciae
224 1947 448 1980 Bactrianae
482 1946 759 1992 praefuturum,
803 1946 1024 1991 priusquam
1060 1946 1286 1989 dimitteret,
1320 1946 1394 1979 sol-

40 2009 165 2043 lemni
191 2007 368 2041 eonvivio
401 2006 568 2040 adhibet.
630 2007 687 2040 Ibi
720 2006 840 2040 multa
871 2006 918 2040 de
944 2018 983 2040 se
1015 2008 1195 2052 gloriatus
1220 2007 1395 2053 Philippi

42 2081 168 2104 rerum
197 2076 384 2113 gestarum
419 2069 579 2113 gloriam
614 2067 745 2100 elevat.
807 2066 860 2113 (4)
895 2067 981 2114 Qua
1012 2079 1052 2101 re
1078 2069 1242 2102 irritatus
1271 2069 1393 2102 Clitus

30 2143 123 2165 'non
154 2130 269 2163 modo
307 2129 513 2164 defendere
545 2128 778 2174 Philippum,
814 2128 880 2161 sed
905 2129 1023 2174 ipsius
1049 2130 1164 2163 etiam
1186 2129 1393 2163 Alexandri

42 2191 135 2225 actis
158 2191 323 2224 illudere
349 2192 488 2237 coepit,
517 2190 576 2235 (5)
610 2201 682 2223 nec
711 2176 802 2223 dum
826 2189 1053 2224 abstrahitur
1080 2202 1102 2224 a
1126 2192 1294 2225 convivis
1317 2191 1391 2224 lin-

40 2264 135 2299 guae
166 2252 298 2298 parcit,
332 2253 427 2297 quin
462 2252 576 2285 etiam
607 2257 738 2297 aperta
769 2251 947 2284 convicia
980 2252 1084 2285 iacit.
1139 2253 1283 2291 Exiluit
1307 2253 1390 2286 Ale-

40 2313 185 2348 xander
210 2320 394 2359 raptaque
418 2314 568 2355 lancea,
595 2312 733 2345 frustra
755 2312 1009 2346 retinentibus
1039 2313 1182 2357 amicis,
1211 2314 1255 2347 in
1279 2315 1389 2347 vesti-

39 2374 176 2410 bulum
203 2375 394 2420 procurrit
421 2382 458 2408 et
483 2373 742 2421 egredientem
767 2373 911 2408 Clitum
926 2373 1123 2410 transfixit.
1173 2376 1233 2420 (6)
1258 2375 1393 2409 Subita

40 2435 285 2482 poenitentia
310 2435 474 2481 percitus
507 2435 708 2480 semetipse
735 2434 951 2469 interimere
979 2443 1147 2481 conatur,
1173 2436 1389 2482 prohibitus

39 2507 107 2543 per
130 2497 299 2530 triduum
331 2495 498 2530 inclusus
534 2503 571 2529 et
609 2496 656 2530 ad
680 2496 921 2530 moriendum
948 2497 1158 2541 obstinatus
1184 2497 1296 2539 iacet,
1321 2497 1388 2530 do-

41 2568 114 2597 nec
145 2558 285 2591 milites
314 2557 352 2591 vi
382 2557 631 2604 irrumpentes
665 2565 707 2591 ut
735 2558 860 2592 vivere
898 2558 990 2592 velit
1019 2558 1196 2605 precibus
1230 2564 1384 2603 cogunt.

42 2617 102 2664 (7)
124 2619 296 2658 ,Βίωἰεεο
325 2617 612 2664 Hephaestione
650 2619 697 2652 ad
736 2626 991 2653 commeatum
1020 2619 1244 2666 parandum,
1272 2625 1309 2653 et
1333 2629 1389 2652 sa-
