1703 2961
236 90 318 133 DE
361 87 569 133 GES'lJtS
599 89 768 131 ALEX.
813 88 951 133 ARG.
980 88 1135 134 LIBRI
1166 91 1279 134 Vlll.
1365 92 1446 139 247

94 212 200 237 tores
229 201 452 247 appellant)
486 199 700 234 coniuratio
735 198 789 241 fit,
831 201 936 234 cuius
972 201 1124 236 initium
1157 213 1202 237 ex
1241 213 1310 246 eo,
1340 204 1445 250 quod

92 276 157 297 rex
196 264 443 296 Hermolaum
485 261 701 296 verberibus
746 260 848 295 affici
883 263 1050 298 iusserat.
1119 264 1218 298 Huic
1259 265 1441 299 iniuriam

91 325 342 370 conquerenti
376 325 576 370 persuadet
600 323 788 357 Sostratus
814 330 854 355 ut
881 322 929 356 de
953 334 1039 367 rege
1067 325 1280 358 occidendo
1307 327 1439 360 coniu-

87 393 181 418 rent.
217 386 422 430 Assumptis
454 392 598 430 septem
626 384 708 417 aliis
735 384 944 430 (quattuor-
960 385 1137 420 Arriano
1152 387 1332 430 auctore)
1358 399 1439 421 rem

87 446 225 480 callide
271 446 494 482 instituunt,
538 446 621 490 (22)
659 443 727 477 sed
762 456 848 477 curn
879 445 918 478 in
959 456 1003 479 eo
1041 453 1186 488 essent,
1217 454 1259 480 ut
1287 447 1438 482 facinus

84 515 364 553 perpetrarent,
400 507 665 540 admonitione
682 503 878 540 cuiusdam
906 518 999 541 anus
1025 506 1205 542 fatidicae
1225 509 1437 543 Alexander

83 580 215 601 eorum
246 569 393 602 insidiis
416 567 661 601 subtrahitur.
709 567 792 611 (23)
820 568 865 600 Et
890 567 946 601 illi
967 567 1122 613 quidem
1141 579 1220 602 rem
1238 569 1435 610 differunt,

83 630 149 662 sed
184 631 402 676 Epimenes,
440 640 538 662 unus
582 640 628 662 ex
662 627 895 672 coniuratis,
935 636 1094 674 repente
1128 637 1290 663 mutatus
1315 631 1431 675 Eury·

82 691 200 724 locho
225 691 328 724 fratri
354 690 442 734 quid
470 697 664 736 pararetur
688 689 844 731 indicat,
875 690 939 736 qui
956 690 1086 724 eadem
1112 698 1226 727 nocte
1251 704 1338 726 cum
1360 693 1430 726 illo

81 739 287 797 in‘regiani
322 751 483 785 accurrit
507 760 661 796 remque
685 751 807 785 defert
843 750 891 784 ad
914 750 1180 786 Alexandrum.
1227 752 1430 787 Coniurati

34 827 38 829 >
80 812 346 858 comprehensi
375 813 606 846 vinciuntur.
654 810 735 856 (2-1)
752 813 947 847 Advocato
975 812 1152 854 consilio,
1175 813 1355 859 producti
1380 813 1430 847 si·

79 885 128 907 ne
164 885 271 907 mora
315 872 557 914 confitentur,
591 879 627 905 et
653 873 896 916 Hermolaus,
922 884 988 907 cur
1019 873 1167 907 facinus
1201 874 1430 920 suscepisset

78 935 204 967 dicere
228 935 359 976 iussus,
385 935 478 978 regis
500 933 763 967 crudelitatem
786 940 951 974 accusat,
978 933 1060 979 (25)
1078 933 1294 979 superbiam
1313 935 1428 969 etiam

77 1002 114 1028 et
136 995 303 1028 studium
326 1006 473 1028 morum
500 995 788 1040 peregrinorum
814 995 1028 1042 exprobrat.
1078 995 1154 1041 (26.
1180 996 1331 1039 27.28.)
1350 995 1426 1029 De-

74 1056 200 1091 fendit
224 1068 262 1090 se
288 1067 369 1099 rex,
399 1063 434 1089 et
457 1056 623 1101 primum
650 1057 896 1095 crudelitatis,
922 1055 1064 1090 deinde
1091 1056 1273 1090 avaritiae
1299 1067 1342 1090 ac
1365 1067 1425 1089 su-

74 1118 231 1164 perbiae
266 1117 410 1150 crimen
445 1116 601 1157 refellit,
637 1118 879 1163 ostenditque
914 1116 1153 1162 quantopere
1185 1117 1297 1153 rebus
1322 1118 1425 1163 ipso-

74 1191 158 1213 rum
185 1178 388 1220 conducat,
416 1177 513 1210 Iovis
540 1188 579 1211 se
601 1175 723 1211 fllium
749 1190 771 1212 a
793 1178 962 1212 barbaris
987 1179 1104 1217 credi,
1128 1185 1231 1212 metu
1255 1178 1425 1224 denique

72 1239 256 1286 supplicii
291 1239 530 1286 propinquos
564 1249 715 1272 reorum
747 1239 896 1272 liberat.
972 1240 1036 1284 29)
1077 1240 1207 1273 Poena
1239 1240 1425 1286 irrogatur

72 1300 277 1344 damnatis,
308 1300 467 1334 sumitur
499 1300 613 1334 etiam
644 1300 692 1335 de
725 1300 984 1344 Callisthene,
1014 1300 1120 1348 quod
1152 1311 1293 1349 pueros
1325 1301 1423 1348 regis

72 1361 164 1395 odio
188 1362 366 1407 implesse
389 1362 598 1395 dicebatur.

117 1425 199 1468 (30)
237 1423 340 1459 Vere
371 1431 538 1458 exeunte
569 1436 606 1456 a.
641 1435 679 1457 a.
708 1421 798 1457 Chr.
836 1431 918 1457 nae.
952 1426 1031 1458 328.
1059 1423 1203 1458 Bactris
1228 1430 1356 1458 movet
1381 1424 1424 1458 in

70 1485 234 1519 Indiam.
294 1485 383 1518 Eius
409 1491 530 1517 terrae
557 1484 665 1528 situs,
689 1495 832 1526 amnes,
859 1483 1011 1518 coelum
1039 1483 1315 1527 describuntur,
1339 1486 1424 1530 (31)

74 1531 220 1580 fructus
247 1552 506 1586 recensentur,
538 1545 585 1578 de
609 1545 814 1578 hominurn
844 1544 1026 1585 moribus,
1053 1546 1136 1589 (32)
1162 1545 1349 1591 imprimis
1375 1547 1423 1583 de

71 1619 201 1652 regum
227 1605 376 1639 luxurie
407 1604 622 1649 exponitur,
647 1605 730 1649 (33)
745 1605 954 1650 singulares
979 1605 1183 1650 opi1.“›nes
1206 1608 1423 1653 sapientum

71 1676 272 1712 ceteraque
299 1666 471 1699 instituta
493 1666 612 1710 gentis
637 1665 851 1700 traduntur.
899 1663 977 1710 (34)
1000 1666 1182 1700 Indorum
1208 1668 1261 1701 cis
1285 1669 1422 1703 Indum

69 1729 191 1774 reguli
220 1735 425 1762 occurrunt
447 1738 527 1760 sese
553 1725 744 1763 dedentes,
772 1727 910 1772 quibus
934 1726 975 1760 in
999 1724 1114 1761 fidem
1140 1731 1318 1776 receptis,
1344 1741 1422 1770 rex,

69 1790 356 1836 Hephaestione
388 1801 475 1823 cum
509 1794 615 1834 parte
651 1787 849 1832 copiarum
888 1795 993 1822 recto
1030 1788 1167 1822 itinere
1198 1791 1248 1825 ad
1283 1791 1421 1826 ludum

69 1858 306 1898 pontemque
331 1851 373 1884 in
392 1861 437 1883 eo
464 1848 685 1883 faciendum
719 1849 943 1894 praemisso,
980 1850 1062 1897 ipse
1093 1858 1245 1897 praeter
1283 1853 1422 1889 Choen

71 1924 222 1945 amnem
259 1911 391 1957 (hodie
434 1910 578 1954 cabul>
612 1908 860 1955 proficiscens
896 1919 1024 1957 gentes
1059 1912 1262 1958 imperium
1298 1914 1421 1949 detre-

71 1980 215 2006 ctantes
251 1972 473 2018 aggreditur,
516 1979 552 2005 et
588 1973 750 2017 primam
789 1971 943 2017 quidem
971 1973 1099 2006 urbem
1125 1974 1161 2008 vi
1189 1973 1339 2021 'captam
1367 1976 1422 2010 di·

70 2035 158 2069 ruit.
208 2035 289 2078 (35)
322 2034 414 2066 Mox
444 2032 491 2066 ad
521 2033 662 2077 Nysam
693 2033 827 2066 urbem
860 2034 964 2067 venit
987 2042 1122 2068 noctu:
1158 2035 1309 2070 incolae
1332 2043 1420 2084 post

69 2096 224 2130 brevem
265 2094 506 2128 obsidionem
536 2105 615 2128 sese
641 2093 796 2136 dedunt,
831 2093 904 2127 deo
929 2095 1030 2140 apud
1055 2096 1156 2140 ipsos
1183 2103 1274 2130 nato
1300 2095 1419 2130 confi-

71 2157 217 2190 dentes.
265 2156 347 2201 (36)
374 2156 456 2189 Rex
484 2168 569 2189 cum
594 2163 676 2189 toto
701 2157 867 2189 exercitu
891 2167 958 2201 per
983 2168 1140 2191 nemora
1165 2157 1349 2192 dissoluto
1375 2158 1420 2192 in

70 2217 261 2251 honorem
290 2217 419 2250 Liberi
450 2218 566 2251 Patris
597 2218 723 2264 plures
757 2217 836 2250 dies
862 2216 976 2251 festos
1012 2218 1099 2263 agit.
1147 2220 1230 2264 (37)
1254 2220 1346 2253 Inde
1371 2221 1420 2254 ad

68 2279 264 2323 regionem
296 2278 469 2313 Daedala
496 2286 531 2312 et
557 2279 690 2312 urbem
718 2278 880 2312 Acadira
905 2280 1101 2323 (Arriano
1123 2292 1200 2314 non
1225 2294 1422 2315 memora-

69 2339 148 2383 tar)
173 2339 354 2384 pervenit,
379 2340 426 2373 ab
453 2341 590 2374 incolis
612 2339 795 2382 desertas3
830 2339 958 2374 divisis
988 2341 1111 2387 copiis
1139 2343 1280 2377 multae
1305 2343 1418 2378 urbes

70 2406 353 2446 expugnantur:
379 2401 513 2434 Coeno
539 2401 580 2434 in
610 2401 812 2435 obsidione
837 2401 940 2435 urbis
967 2402 1101 2436 Beirae
1131 2403 1252 2450 (apud
1273 2404 1421 2440 Arria-

69 2474 162 2494 num
193 2459 236 2495 τὰ
269 2459 411 2509 Βάζιρα
449 2463 625 2507 vocatur>
658 2462 813 2504 relicto,
846 2463 1058 2498 Alexander
1097 2465 1268 2512 Mazagas
1299 2466 1419 2508 venit,

70 2521 204 2555 urbem
237 2522 417 2555 altissima
439 2522 542 2556 fossa
577 2535 762 2570 muroque
785 2526 983 2559 munitam.
1042 2527 1149 2571 Quae
1180 2528 1420 2562 munimenta

69 2583 164 2617 dum
194 2584 393 2629 perlustrat
416 2585 631 2619 vulneratus
665 2585 839 2619 dolorem
872 2598 1010 2633 magno
1036 2587 1179 2622 animo,
1197 2588 1282 2623 fert.
1337 2590 1422 2635 (38)
