1703 2961
202 133 281 180 172
659 124 955 182 Q.CURT11
983 125 1124 171 RUFI

200 261 256 287 na
283 241 520 285 eminentia
555 239 698 289 bona,
737 238 784 280 in
807 239 1059 296 superbiam
1088 253 1138 282 ac
1165 239 1384 284 lasciviam
1411 241 1554 284 vertit.

199 318 366 359 Patrios
401 329 547 356 mores
584 311 946 368 disciplinamque
982 311 1282 354 Macedonum
1309 328 1464 369 regum
1495 328 1558 355 sa·
1587 328 1609 352 2

196 389 380 431 lubriter
409 393 703 443 temperatam
734 390 778 424 et
806 382 976 424 civilem
1013 383 1216 425 habitum
1247 385 1365 426 velut
1394 385 1557 427 leviora

196 460 497 518 magnitudine
536 472 611 498 sua
650 456 828 502 ducens,
866 455 1063 497 Persicae
1093 454 1234 510 regiae
1262 471 1343 512 par
1370 456 1554 498 deorum

196 533 420 591 potentiae
454 530 674 586 fastigium
717 526 1031 568 aemulabatur.
1097 529 1248 568 Iacere
1278 527 1402 569 humi
1432 543 1558 569 vene·
1587 541 1607 570 3

195 604 419 646 rabundos
455 603 611 657 ipsum,
630 601 641 622 ¹
696 598 994 655 paulatimque
1042 598 1264 640 servilibus
1311 599 1556 641 ministeriis

194 683 264 718 tot
287 676 475 717 victores
514 671 709 728 gentium
735 671 936 712 imbuere
975 678 1019 711 et
1049 671 1224 726 captivis
1254 687 1379 727 pares
1409 672 1554 713 facere

195 747 439 804 expetebat.
498 745 655 799 Itaque
680 758 953 799 purpureum
983 742 1183 783 diadema
1217 743 1471 785 distinctum
1501 742 1557 784 al·
1584 757 1609 782 4

193 822 266 870 bo,
305 819 432 877 quale
479 817 651 857 Dareus
699 814 930 861 habuerat.
975 813 1106 869 capiti
1144 814 1447 864 circumdedit,
1485 829 1554 856 ve-

193 902 395 948 stemque
427 888 647 931 Persicam
670 885 876 941 sumpsit,
909 901 963 926 ne
997 901 1130 927 omen
1160 886 1339 942 quidem
1378 886 1553 937 veritus,

193 964 315 1023 quod
344 978 368 1004 a
398 960 575 1004 victoris
603 956 841 1014 insignibus
859 955 903 997 in
931 957 1077 1000 divicti
1107 959 1311 1000 transiret
1338 957 1553 999 habitum.

192 1035 348 1079 Etille
385 1050 429 1076 se
469 1032 648 1090 quidem
686 1028 820 1086 spolia
861 1029 1129 1070 Persarum²
1170 1037 1337 1088 gestare
1367 1029 1557 1071 dicebat:
1590 1047 1608 1074 s

194 1109 268 1152 sed
308 1122 411 1150 cum
449 1105 528 1147 illis
563 1118 738 1161 quoque
776 1115 922 1142 mores
958 1101 1175 1152 induerat,
1213 1101 1553 1159 superbiamque

192 1181 369 1223 habitus
400 1176 534 1219 animi
566 1174 794 1217 insolentia
825 1174 1104 1230 sequebatur.
1145 1174 1330 1215 Litteras
1361 1190 1551 1231 quoque,
1582 1185 1608 1215 6

193 1252 373 1312 quasin
397 1251 626 1304 Europam
653 1245 869 1295 mitteret,
919 1246 1075 1287 veteris
1111 1246 1227 1287 anuli
1267 1260 1441 1301 gemma
1479 1246 1558 1288 ob-
1701 1300 1703 1313 Ι

192 1325 416 1383 signabat,
455 1319 580 1370 his,³
621 1332 729 1374 quas
768 1316 812 1358 in
852 1317 1001 1358 Asiam
1032 1317 1254 1366 scriberet,
1285 1318 1418 1358 Darei
1451 1333 1556 1359 anu·
1700 1321 1703 1371 i

191 1400 256 1441 lus
285 1392 644 1451 imprimebatur;
686 1396 736 1430 ut
773 1397 1014 1444 appareret,
1054 1403 1193 1430 unum
1219 1388 1415 1430 animum
1445 1389 1555 1431 duo-
1698 1407 1702 1436 ι

190 1482 291 1513 rum
319 1481 413 1509 non
452 1477 609 1520 capere
646 1460 888 1502 fortunam.
948 1461 1130 1503 Amicos
1167 1476 1270 1502 vero
1302 1468 1347 1502 et
1375 1462 1552 1519 equites,
1585 1478 1603 1505 7
1698 1498 1702 1518 1

190 1539 506 1596 (hinamque4
547 1533 766 1592 principes
803 1534 1026 1586 militum‚)
1059 1540 1340 1589 aspernantes
1371 1533 1551 1590 quidem
1698 1535 1701 1542 ’

191 1616 267 1658 sed
301 1611 504 1654 recusare
541 1622 634 1648 non
671 1621 820 1656 ausos,
852 1605 1037 1647 Persicis
1077 1612 1312 1646 ornaverat
1345 1605 1547 1648 vestibus.

187 1687 370 1730 Pellices
395 1695 470 1724 ccc
499 1687 541 1720 et
565 1691 628 1728 Lx,
660 1677 848 1719 totidem
869 1685 978 1734 quot
1005 1676 1139 1717 Darei
1165 1676 1353 1725 fuerant,
1384 1678 1549 1734 regiam
1580 1696 1599 1722 8

187 1758 442 1814 implebant,
469 1766 574 1809 quas
594 1750 844 1807 spadonum
865 1764 1024 1807 gregeS,
1054 1755 1100 1789 et
1127 1747 1206 1805 ipsi
1231 1749 1458 1791 muliebria
1474 1766 1548 1807 pa-

185 1832 220 1874 ti
249 1820 418 1877 assueti,
448 1823 757 1880 sequebantur.

123 1906 176 1947 21
273 1902 393 1942 Haec
416 1899 515 1938 luxu
551 1903 594 1936 et
610 1891 847 1951 peregrinis
869 1893 1030 1936 infecta
1053 1893 1250 1935 moribus
1269 1901 1434 1936 veteres
1451 1894 1550 1937 Phi-
1578 1915 1602 1946 9

185 1973 291 2031 lippi
320 1970 493 2016 milites,
526 1967 646 2009 rudis
684 1967 804 2008 natio
836 1966 891 2008 ad
920 1967 1178 2022 voluptates,
1205 1966 1354 2023 palam
1384 1982 1550 2009 aversa-

185 2035 358 2093 bantur,
384 2041 574 2097 totisque
620 2039 772 2081 castris
810 2055 922 2080 unus
959 2039 1159 2081 omnium
1197 2055 1345 2081 sensus
1383 2055 1434 2082 ac
1463 2055 1549 2081 ser-

184 2132 261 2159 mo
293 2122 400 2162 erat,
430 2113 525 2170 plus
558 2111 765 2153 amissum
794 2111 988 2161 victoria,
1018 2127 1150 2168 quam
1169 2111 1282 2152 bello
1310 2127 1399 2153 esse
1417 2127 1547 2168 quae-

185 2189 362 2232 situm.⁵
433 2186 551 2227 Tum
597 2184 786 2226 maxime
833 2183 947 2225 vinci
986 2182 1130 2240 ipsos,
1171 2183 1358 2240 dedique
1400 2184 1611 2230 alienisxo

185 2261 384 2303 moribus
420 2265 465 2299 et
501 2256 701 2298 externis:
741 2263 891 2297 tantae
930 2271 1082 2297 morae
1121 2255 1358 2312 pretium,⁶
1391 2257 1549 2299 domos

187 2332 324 2393 quasiv
345 2332 393 2372 in
428 2328 601 2386 captivo
638 2328 794 2371 habitu
835 2342 1097 2371 reversuros.
1154 2329 1323 2371 Pudere
1352 2328 1441 2370 iam
1466 2330 1544 2372 sui.

190 2454 454 2470 --—--—-—

187 2545 207 2572 1
235 2543 315 2591 pati
341 2539 480 2586 coepit.
589 2537 610 2563 ²
635 2539 737 2575 Pers.
764 2539 900 2587 spolia.
1011 2538 1030 2569 3
1057 2538 1115 2572 iis.
1233 2539 1255 2570 4
1282 2551 1446 2585 cumque
1470 2540 1541 2574 his.

277 2598 296 2625 5
325 2594 540 2641 quaesitum
576 2604 667 2627 esse.
914 2592 936 2619 ⁶
969 2595 1031 2628 Sic
1062 2591 1194 2626 editur
1224 2591 1273 2626 de
1307 2597 1542 2628 coniectura.

280 2649 400 2686 Codd.
431 2655 468 2682 et
496 2647 657 2682 externis
685 2659 840 2696 quoque
867 2646 984 2694 (quo)
1011 2653 1139 2680 tantae
1167 2657 1296 2682 morae
1321 2649 1454 2682 domos
1471 2655 1543 2683 cet.
