1703 2961
250 119 303 159 38
695 117 749 172 Q.
781 116 984 162 cumn
1011 118 1152 162 RUF1
1669 114 1687 172 j

253 232 359 271 bant
392 230 494 272 totis
533 231 696 288 campis
745 245 848 284 opes
881 231 1033 288 regiae,
1072 231 1139 273 illa
1169 232 1350 286 pecunia
1382 233 1595 287 stipendio

254 302 413 358 ingenti
452 302 641 343 militum
679 310 953 357 praeparata,
1008 303 1075 344 ille
1105 303 1244 345 cultus
1278 311 1345 345 tot
1384 305 1597 346 nobilium
1671 295 1681 331 ¹³

1672 341 1681 360 Ἰ

253 374 463 422 virorum,
499 381 568 416 tot
603 374 829 415 illustrium
865 374 1143 423 feminarum,
1176 390 1302 416 aurea
1333 391 1447 427 vasa,
1477 376 1594 417 aurei
1673 364 1683 417 ἰ

254 445 378 493 freni,
407 445 686 487 tabernacula
717 446 847 502 regali
876 446 1194 505 magnificentia
1233 455 1398 496 ornata,
1424 447 1597 490 vehicu-
1615 426 1685 507 Ιῐξι

254 516 292 557 la
324 532 498 574 quoque
529 533 552 558 a
592 517 678 559 suis
708 518 924 569 destituta,
963 520 1145 576 ingentis
1175 518 1420 574 opulentiae
1450 518 1600 573 plena,

254 588 386 630 facies
413 590 542 630 etiam
581 590 888 644 praedantibus
922 592 1064 642 tristis,
1103 591 1137 632 si
1169 605 1252 648 qua
1279 605 1346 631 res
1377 590 1602 631 avaritiam

256 668 514 702 moraretur.
572 661 742 717 Quippe
779 669 847 704 tot
877 678 1094 704 annorum
1125 661 1363 704 incredibili
1396 669 1438 702 et
1472 660 1604 703 [idem

256 732 490 774 excedente
528 733 702 775 fortuna
743 734 976 781 cumulata,
1013 741 1117 776 tunc
1148 734 1227 775 alia
1259 733 1461 788 stirpibus
1491 732 1603 775 lace-

255 811 360 853 rata,
393 803 472 845 alia
511 805 555 845 in
595 820 783 847 coenum
812 807 1008 848 demersa
1038 807 1322 847 eruebantur:
1359 820 1451 848 non
1489 806 1603 848 suffi-

255 875 425 917 ciebant
455 877 759 931 praedantium
788 893 943 919 manus
969 877 1167 931 praedae.

191 949 243 990 35
338 949 520 1006 lamque
551 950 683 991 etiam
712 951 765 992 ad
797 966 882 1000 eos,
922 951 994 1006 qui
1026 949 1154 1004 primi
1183 948 1397 1006 fugerant,
1426 958 1606 992 ventum
1621 966 1664 990 12
1684 967 1697 988 ιτ

256 1027 369 1061 erat:
399 1020 586 1063 feminae
610 1022 839 1079 pleraeque
868 1037 1023 1077 parvos
1056 1020 1276 1063 trahentes
1292 1021 1450 1063 liberos
1469 1022 1606 1064 ibant.
1684 1015 1685 1019 ι

255 1092 374 1132 Inter
416 1108 520 1147 quas
555 1094 677 1135 fuere
703 1099 716 1119 ¹
757 1094 953 1149 virgines,
993 1092 1129 1142 Ochi,
1165 1094 1236 1150 qui
1276 1101 1375 1135 ante
1410 1094 1608 1135 Dareum

255 1172 522 1219 regnaverat,
553 1165 674 1215 filiae,
722 1166 826 1206 olim
853 1166 1030 1222 quidem
1061 1181 1110 1206 ex
1133 1165 1302 1221 fastigio
1331 1172 1514 1220 paterno
1544 1180 1609 1207 re-

256 1250 357 1276 rum
387 1238 629 1279 mutatione
662 1238 895 1287 detractae,
927 1237 1002 1278 sed
1029 1243 1125 1277 tum
1150 1245 1314 1278 sortem
1342 1251 1492 1278 earum
1514 1251 1609 1278 cru-
1687 1283 1689 1286 ,

257 1307 390 1349 delius
419 1318 674 1366 aggravante
705 1310 896 1350 fortuna.
951 1310 1000 1350 In
1030 1309 1187 1350 eodem
1213 1322 1337 1364 grege
1366 1323 1476 1350 uxor
1503 1323 1689 1365 quo-13·

256 1396 342 1437 que
374 1380 568 1422 eiusdem
606 1381 720 1423 Ochi
759 1380 852 1430 fuit,
896 1379 1187 1436 Oxathrisque
1225 1379 1379 1430 (frater
1413 1379 1486 1422 hic
1517 1387 1610 1422 erat
1687 1416 1691 1436 ,

255 1452 409 1504 Darei)
436 1451 536 1500 filia,
575 1461 617 1494 et
657 1452 847 1495 coniunx
871 1452 1088 1501 Artabazi,
1116 1451 1323 1506 principis
1351 1459 1610 1507 purpurato-
1688 1478 1692 1509 ξ

255 1538 379 1575 rum,
431 1532 473 1566 et
511 1523 631 1574 filius,
674 1524 744 1565 cui
783 1524 948 1565 Ilioneo
985 1523 1068 1564 fuit
1100 1538 1278 1567 nomen.
1343 1521 1693 1596 Pharnabaziu}

253 1611 443 1653 quoque,
473 1595 543 1637 cui
573 1610 797 1636 summum
836 1595 1070 1649 imperium
1108 1595 1356 1636 maritimae
1398 1611 1499 1637 orae
1528 1611 1601 1638 rex
1691 1631 1694 1646 ,

254 1667 450 1718 dederat,
491 1681 599 1708 uxor
639 1683 740 1708 cuni
775 1666 863 1706 filio
895 1673 1070 1721 excepta
1111 1674 1197 1717 est,
1238 1667 1453 1710 Mentoris
1494 1667 1606 1710 filiae
1690 1651 1694 1700 ι

253 1745 354 1789 tres,
386 1754 435 1780 ae
470 1738 725 1780 nobilissimi
763 1738 885 1779 ducis
914 1738 1166 1780 {Memnonis
1197 1739 1384 1781 coniunx
1411 1747 1455 1781 et
1484 1739 1607 1783 filius.
1691 1715 1695 1792 ι

1692 1801 1703 1854 ιι

257 1883 334 1924 dis.
359 1886 377 1907 2
432 1881 770 1924 Lacedaemonii
820 1883 897 1923 et³
939 1881 1227 1923 Athenienses
1269 1883 1486 1924 societatis
1524 1882 1608 1924 fide
1627 1875 1697 1927 15:

253 1811 424 1868 Vixque
461 1810 547 1851 ulla
588 1810 745 1851 domus
781 1810 1006 1864 purpurati
1043 1825 1189 1864 expers
1226 1810 1310 1852 fuit
1350 1811 1613 1853 tantae cla-

256 1954 414 1996 violata
451 1955 601 1995 Persas
638 1954 792 1996 secuti:
840 1954 1122 2011 Aristogiton,
1169 1954 1386 2009 Dropides
1422 1961 1466 1995 et
1499 1953 1613 2009 Iphi-

258 2034 412 2074 crates,
451 2026 565 2066 inter
605 2024 890 2067 Athenienses
929 2041 1084 2082 genere
1123 2026 1327 2084 famaque
1364 2025 1491 2082 longe
1530 2025 1613 2067 cla·
1698 2078 1699 2081 Ἴ

255 2099 426 2147 rissimi‚
463 2098 802 2140 Lacedaemonii
858 2097 1092 2153 Pausippus
1145 2106 1188 2140 et
1235 2096 1610 2147 Onomastorides,
1696 2092 1700 2143 ι

258 2186 361 2212 cum
388 2170 593 2212 Monimo
643 2177 685 2211 et
720 2169 1007 2220 Callicratide,
1049 2170 1093 2211 hi
1115 2172 1138 2198 4
1180 2185 1352 2226 quoque
1381 2168 1500 2210 domi
1532 2184 1611 2210 no-
1697 2168 1700 2175 ι

256 2242 376 2283 biles.
435 2241 618 2283 Summa
659 2242 870 2294 pecuniae
903 2243 1091 2298 signatae
1122 2240 1206 2282 fuit
1233 2240 1448 2282 talentum
1473 2244 1487 2269 ⁵
1522 2238 1703 2289 du016')

255 2313 372 2354 milia
415 2321 460 2354 et
506 2313 772 2363 sexcenta,6
819 2314 922 2356 facti
965 2313 1127 2370 argenti
1165 2312 1336 2366 pondus
1375 2312 1611 2370 quingenta
1675 2291 1703 2356 ·ι

1698 2359 1703 2407 ι

1700 2470 1703 2503 ι

256 2385 484 2443 aequabat.
554 2386 782 2427 Praeterea
828 2386 1002 2443 triginta
1048 2385 1164 2426 milia
1211 2383 1456 2434 hominum,
1508 2398 1610 2425 cum

260 2506 277 2529 ¹
303 2507 406 2540 Inter
437 2517 528 2551 quas
557 2514 652 2540 tres
681 2507 799 2542 suere.
1023 2507 1042 2532 2
1069 2507 1141 2540 fuit
1165 2512 1291 2540 tantae
1318 2504 1436 2539 cladis
1463 2515 1608 2551 expers,

343 2560 362 2590 3
390 2560 684 2594 Lacedaemonii
725 2571 923 2607 quoque
954 2568 1003 2595 et.
1202 2561 1223 2591 4
1266 2559 1305 2593 ii.
1503 2559 1523 2587 5
1557 2564 1609 2591 ta-

344 2615 550 2648 lentorum.
753 2614 772 2639 6
805 2615 1007 2659 sexaginta.
