1703 2961
262 198 345 241 308
723 189 780 253 o.
812 188 1018 233 CURTn
1045 187 1187 232 Rom

266 323 318 349 ro
343 311 573 362 amputare
606 303 775 360 coepit:
804 306 890 344 ne¹
928 303 988 346 sic
1019 301 1199 359 quidem
1226 299 1468 357 pertinacia
1495 298 1681 347 victa‚32

269 394 416 420 rursus
448 377 577 418 aliam
612 382 785 431 partem
814 388 959 415 secare
990 372 1158 420 institit,
1189 378 1233 413 et
1262 371 1418 413 deinde
1444 386 1535 412 non
1562 385 1623 411 se-

271 451 394 508 gnius
429 449 733 490 inhaerentem
772 445 888 487 Ferro
931 445 1115 486 subinde
1164 443 1388 486 caedebat.
1452 442 1527 483 Ille
1579 441 1625 482 in

270 523 446 563 vulnere
489 521 606 561 serae
657 520 807 561 dentes
849 517 1141 558 moribundus
1186 529 1362 572 quoque
1411 513 1628 554 infixerat:

272 601 442 635 tantam
484 591 528 632 in
559 591 636 632 illis
668 582 926 631 animalibus
959 590 1013 630 ad
1051 588 1301 630 venandum
1341 584 1628 641 cupiditatem

273 665 543 721 ingenerasse
572 670 776 704 naturam
815 661 1056 702 memoriae
1092 659 1320 716 proditum
1359 664 1434 698 est.
1494 654 1688 712 Equi-34

275 737 378 777 dem
412 735 535 792 plura
577 734 847 782 transcribo,
881 748 1015 788 quam
1056 731 1214 773 credo:
1257 744 1362 770 nam
1400 743 1482 770 nec
1520 725 1633 768 affir-

276 822 398 848 mare
425 807 630 856 sustineo,
663 805 716 846 de
753 804 910 861 quibus
943 803 1108 852 dubito,
1129 817 1210 843 nec
1236 801 1492 850 subducere,
1522 813 1633 855 quae

277 880 441 936 accepi.
541 878 691 919 ‘relicto
722 875 851 933 igitur
895 876 1076 932 Sophite
1107 874 1152 914 in
1180 888 1256 914 suo
1292 887 1443 928 regno,
1473 871 1528 912 ad
1558 870 1693 914 flu-3⁵

277 952 395 992 vium
416 950 677 1008 Hyphasin²
704 947 929 1005 processit,
955 945 1292 1003 Hephaestione,
1321 943 1393 1000 qui
1421 943 1636 984 diversam

277 1023 502 1080 regionem
532 1022 772 1078 subegerat,
813 1019 1064 1062 coniuncto.
1119 1016 1344 1074 Phegeus3
1379 1021 1473 1056 erat
1496 1013 1634 1071 gentis
1651 1027 1693 1058 sc

279 1094 505 1152 proximae
537 1108 630 1133 rex:
670 1091 756 1148 qui,
796 1090 1078 1147 popularibus
1118 1089 1202 1131 suis
1240 1089 1383 1131 colere
1423 1101 1561 1144 agros,
1589 1092 1638 1126 ut
1685 1117 1703 1170 Ι

283 1171 569 1208 assueverant.
600 1163 734 1212 iussis,
773 1162 1019 1203 Alexandro
1065 1177 1167 1204 cum
1195 1159 1321 1203 donis
1347 1158 1552 1207 occurrit,
1577 1157 1640 1199 ni-

281 1236 342 1278 hil
374 1236 493 1292 quod
523 1235 758 1290 imperaret
787 1234 1046 1274 detrectans.

366 1336 561 1378 Biduum
591 1334 705 1389 apud
736 1349 837 1374 eum
868 1333 1058 1375 substitit
1087 1348 1181 1376 rext
1209 1332 1340 1374 tertio
1371 1331 1439 1373 die
1463 1345 1692 1376 amnemu.

285 1423 489 1465 superare
523 1407 790 1454 decreverat,
820 1406 1007 1447 transitu
1034 1404 1255 1447 difficilem
1285 1419 1376 1445 non
1406 1403 1546 1460 spatio
1579 1417 1642 1442 so-

286 1482 378 1522 lum
409 1493 634 1536 aquarum,
664 1477 740 1518 sed
779 1477 912 1519 etiam
943 1476 1050 1518 saxis
1076 1477 1350 1533 impeditum.
1410 1476 1644 1516 I’erconta-
1676 1493 1691 1515 ρ

286 1561 356 1594 tus
394 1552 523 1608 igitur
559 1549 780 1606 Phegea,4
820 1563 930 1605 quae
969 1549 1191 1591 noscenda
1228 1555 1366 1596 erant,
1400 1559 1443 1588 xx
1475 1547 1645 1587 dierum

289 1625 399 1666 ultra
430 1624 597 1663 flumen
622 1635 702 1676 per
730 1627 870 1661 vastas
899 1620 1154 1662 solitudines
1180 1620 1263 1660 iter
1294 1634 1383 1660 esse
1402 1617 1647 1674 cognoscit;

291 1697 487 1752 excipere
509 1693 666 1736 deinde
702 1691 896 1748 Gangen,
939 1692 1179 1732 maximum
1218 1691 1352 1732 totius
1392 1690 1540 1731 lndiae
1570 1690 1646 1729 flu—

289 1768 481 1808 minum:
509 1764 763 1806 ulteriorem
790 1765 928 1818 ripam
960 1763 1102 1805 colere
1132 1770 1280 1820 gentes
1308 1761 1578 1818 Gangaridas
1607 1769 1647 1801 et
1680 1780 1703 1816 ῃ

289 1840 506 1887 Prasios,5
545 1851 788 1893 eorumque
813 1849 960 1891 regem
994 1849 1082 1875 esse
1104 1836 1426 1892 Aggrammem,
1458 1846 1511 1874 xx
1543 1833 1651 1873 mili-
1695 1817 1703 1887 l

289 1913 370 1953 bus
412 1910 610 1967 equitum
656 1908 941 1964 ducentisque
980 1906 1181 1962 peditum
1232 1906 1506 1948 obsidentem
1545 1905 1646 1945 vias.
1695 1891 1703 1960 ξ

290 1984 359 2024 Ad
399 1980 522 2023 hoc⁶
555 1980 866 2037 quadrigarum
900 1979 988 2019 duo
1026 1978 1144 2019 milia
1183 1978 1368 2028 trahere,
1402 1985 1446 2018 et
1481 1977 1648 2034 praeci-
1676 1964 1703 2038 al

290 2071 431 2111 puum
462 2060 679 2094 terrorem
708 2051 977 2108 elephantos,
1008 2066 1117 2108 quos
1144 2050 1278 2091 trium
1299 2050 1470 2091 milium
1500 2065 1651 2090 nume·
1702 2061 1703 2068 ¹

295 2142 396 2167 rum
437 2124 606 2181 explere
652 2122 837 2164 dicebat.
902 2122 1181 2163 Incredibilia
1221 2122 1309 2178 regi
1349 2121 1497 2163 omnia
1535 2121 1649 2161 vide·
1681 2141 1690 2165 ,-

295 2199 470 2240 bantur.
532 2195 668 2252 Igitur
698 2195 864 2236 Porum
900 2197 1024 2246 (nam
1064 2209 1165 2235 cum
1197 2209 1248 2235 eo
1281 2197 1391 2244 erat)
1422 2200 1651 2249 perconta-
1694 2203 1703 2248 Ἰ

295 2278 382 2319 tur,
414 2286 471 2311 an
507 2282 607 2309 vera
645 2274 797 2316 essent,
837 2282 947 2323 quae
987 2265 1264 2307 dicerentur?
1307 2266 1392 2313 Ille,
1420 2265 1530 2306 vires
1562 2265 1689 2322 qui-‹

298 2341 401 2383 dem
431 2340 569 2397 gentis
610 2346 654 2380 et
691 2339 812 2395 regni
849 2337 968 2379 haud
1003 2337 1113 2377 salso
1153 2337 1316 2387 iactari,
1350 2336 1559 2378 affirmat:
1590 2353 1656 2379 ce·
1695 2379 1697 2384 ,

295 2419 441 2454 terum
477 2411 549 2468 qui
584 2417 787 2467 regnaret
835 2425 928 2450 non
976 2409 1113 2450 modo
1152 2409 1388 2465 ignobilem
1429 2424 1539 2459 esse,
1581 2408 1679 2449 sed=

299 2484 433 2526 etiam
481 2483 663 2524 ultimae
699 2481 851 2533 sortis3
890 2480 1051 2538 quippe
1093 2488 1263 2538 patrem
1296 2481 1384 2523 eius
1416 2488 1655 2531 tonsorem,

297 2660 316 2684 1
343 2671 429 2694 nec.
593 2659 614 2684 2
638 2658 826 2705 Hypasin.
985 2657 1004 2687 3
1033 2657 1228 2703 Phegelas.
1391 2658 1412 2688 4
1436 2647 1650 2700 Phegelani.

388 2716 406 2742 5
435 2715 495 2747 Ex
518 2712 667 2748 emend.
702 2713 826 2758 Vulgo
855 2712 1085 2746 lsslmrrasios.
1288 2709 1308 2736 6
1334 2710 1382 2744 ad
1406 2711 1514 2743 haee.
