1703 2961
274 132 356 174 DE
389 132 596 176 GESTtS
625 130 792 174 ALEX.
825 130 962 182 ABG.
996 131 1153 173 LIBRI
1179 131 1244 172 VI.
1359 129 1437 172 155

79 252 173 281 rent.
221 245 343 289 Atque
364 244 459 278 haec
483 255 617 284 eorum
644 250 780 289 coepta
805 243 931 277 clades
959 243 1008 276 ad
1032 243 1149 276 Issum
1174 243 1282 288 (nam
1312 252 1354 275 ea
1381 241 1437 275 in-

80 307 307 350 tervenerat)
336 307 432 339 adeo
464 319 544 339 non
570 305 837 351 interpellavit,
865 312 906 337 ut
932 305 1044 337 etiam
1071 305 1268 338 adiuverit.
1320 304 1440 350 Quip-

78 381 126 416 pe
163 367 374 414 fugientem
407 369 597 401 insecutus
630 366 842 400 Alexander
874 366 913 398 in
947 366 1161 410 longinqua
1194 367 1282 399 loca
1322 365 1440 409 magis

84 428 281 475 magisque
317 430 557 475 rapiebatur3
604 435 640 462 et
668 439 712 460 ex
741 427 824 472 ipso
853 428 1003 472 proelio
1029 428 1355 460 mercenariorum
1383 427 1440 460 in*

77 502 166 537 gens
197 491 402 523 multitudo
430 491 469 523 in
500 490 700 523 Graeciam
737 487 826 533 fuga
853 496 1136 534 penetraverat:
1163 499 1324 533 quorum
1353 493 1441 519 octo

77 552 183 585 inilia
208 551 357 585 Persica
383 552 551 597 pecunia
588 549 772 584 conduxit
795 551 895 595 Agis,
924 561 1132 595 eorumque
1161 559 1278 594 opera
1302 549 1443 594 pleras-

80 625 153 659 que
191 612 431 646 Cretensium
473 612 582 645 urbes
625 612 782 657 recepit.
842 612 940 644 Cum
977 611 1159 656 deinceps
1191 611 1358 652 Menon,
1401 609 1445 642 in

78 674 286 707 Thraciam
311 673 357 707 ab
382 674 597 708 Alexandro
630 673 776 713 missus,
809 672 990 707 barbaros
1017 673 1063 706 ad
1091 671 1347 706 defectionem
1376 671 1445 708 im?

78 736 248 781 pulisset,
296 733 421 780 adque
456 746 535 768 earn
564 733 893 780 comprimendam
927 734 1124 780 Antipater
1162 733 1368 767 exercitum
1402 743 1448 765 ex

81 795 316 830 Macedonia
339 796 381 829 in
408 796 615 829 Thraciam
644 795 822 838 duxisset,
849 797 1135 842 opportunitate
1151 795 1332 841 temporis
1357 801 1447 828 stre-

81 868 160 892 nue
186 856 242 890 usi
274 857 573 890 Lacedaemonii
609 864 728 890 totam
760 857 1095 902 Peloponnesum,
1129 856 1260 903 paucis
1281 856 1446 890 ‘urbibus

85 918 265 963 exceptis,
291 919 331 952 in
357 926 479 965 partes
505 902 710 960 traxerunt,
741 917 998 964 confectoque
1025 919 1191 952 exercitu
1218 918 1350 963 viginti
1378 918 1449 957 mir

84 982 182 1014 lium
210 979 396 1026 peditum,
435 992 521 1013 cum
560 980 751 1026 equitibus
788 981 844 1013 bis
883 981 1002 1021 inille,
1032 979 1141 1026 Agidi
1165 991 1351 1013 summam
1378 981 1450 1014 im·

83 1041 180 1088 perii
211 1039 441 1074 detulerunt.
499 1042 696 1087 Antipater
725 1052 768 1074 ea
794 1053 833 1074 re
863 1048 1060 1087 comperta
1087 1041 1231 1074 bellum
1259 1042 1302 1075 in
1327 1041 1452 1075 Thra·

86 1103 156 1144 cia,
186 1100 321 1146 quibus
342 1108 467 1146 potest
486 1103 788 1143 conditionibus,
807 1103 1024 1148 componit3
1046 1103 1261 1147 raptimque
1275 1103 1315 1136 in
1333 1103 1451 1137 Grae·

86 1165 183 1197 ciam
211 1174 410 1208 regressus,
446 1164 492 1196 ab
525 1165 656 1197 amicis
695 1164 886 1209 sociisque
923 1163 1142 1197 civitatibus
1170 1165 1310 1197 auxilia
1336 1165 1450 1210 cogit.
1488 1165 1496 1173 '

87 1224 237 1271 Quibus
264 1224 594 1266 convenientibus,
621 1225 667 1259 ad
699 1224 949 1271 quadraginta
980 1233 1237 1271 pugnatorum
1262 1226 1369 1259 milia
1396 1236 1452 1259 re-

87 1284 249 1319 censuit.
298 1284 512 1319 Advenerat
532 1295 567 1320 et
592 1299 637 1320 ex
652 1288 922 1333 Peloponneso
949 1286 1076 1320 valida
1095 1298 1228 1320 manus
1244 1300 1253 1316 .·
1283 1287 1348 1321 sed
1364 1288 1455 1333 quia

89 1346 244 1380 dubiam
278 1346 449 1392 ipsorum
485 1345 601 1381 fidem
627 1349 841 1391 resciverat,
875 1348 1110 1382 dissimulata
1129 1349 1348 1395 suspicione
1374 1361 1456 1395 gra·

90 1409 160 1441 tias
191 1407 277 1452 egit,
309 1407 412 1452 quod
440 1408 487 1441 ad
517 1409 799 1443 defendendam
825 1410 1000 1443 adversus
1024 1409 1351 1445 Lacedaemonios
1370 1412 1456 1446 Ale-

89 1468 226 1504 xandri
263 1467 485 1512 dignitatem
519 1470 737 1504 affuissent:
780 1471 1007 1517 scripturum
1040 1483 1078 1504 se
1104 1471 1143 1504 id
1171 1473 1263 1517 regi,
1299 1473 1458 1517 gratiam

92 1533 134 1565 in
159 1538 331 1576 tempore
363 1530 541 1564 relaturo.
599 1533 642 1565 In
674 1523 852 1579 praesens
887 1533 984 1566 nihil
1021 1545 1115 1579 opus
1146 1544 1224 1566 esse
1252 1535 1460 1569 maioribus

94 1593 234 1638 copiis:
272 1592 401 1636 itaque
446 1591 580 1626 domos
620 1594 800 1636 redirent,
834 1594 1001 1629 foederis
1038 1595 1263 1628 necessitate
1296 1597 1460 1641 expleta.

94 1653 258 1688 Nuntios
285 1651 425 1685 deinde
452 1653 499 1686 ad
524 1655 783 1689 Alexandrum
814 1656 942 1703 mittit,
968 1656 1014 1696 de
1039 1664 1144 1689 motu
1171 1656 1356 1690 Graeciae
1384 1669 1463 1691 cet-

93 1716 228 1749 tiorem
253 1713 436 1748 facturos,
493 1718 616 1760 Atque
654 1717 713 1750 illi
747 1728 873 1763 regem
897 1717 1000 1762 apud
1026 1718 1164 1751 Bactra
1187 1717 1343 1766 demum
1372 1731 1464 1752 con·

96 1775 216 1811 secuti
244 1781 350 1817 sunt3
378 1787 466 1809 cum
492 1777 645 1812 interim
672 1779 862 1825 Antipatri
889 1779 1059 1820 victoria,
1083 1786 1120 1812 et
1146 1790 1240 1812 nece
1254 1780 1396 1826 Agidis,
1421 1780 1466 1813 in

97 1836 259 1873 Arcadia
279 1844 512 1872 transactum
538 1848 645 1875 esset.
688 1842 789 1875 Sane
813 1841 890 1874 iam
917 1840 1067 1886 pridem
1093 1840 1258 1873 tumultu
1276 1836 1466 1874 Lacedae-

99 1899 320 1933 moniorum
351 1900 525 1945 cognito,
561 1909 748 1947 quantum
786 1909 846 1936 tot
883 1909 1066 1936 terrarum
1110 1902 1240 1948 spatiis
1283 1901 1465 1934 discretus

100 1961 240 2007 potuit,
270 1960 505 2005 providerat:
549 1964 827 2010 Amphoterum
871 1976 958 1998 cum
994 1964 1144 2009 Cypriis
1177 1971 1215 1997 et
1245 1965 1468 1998 Phoeniciis

103 2022 264 2056 navibus
293 2022 336 2055 in
361 2021 673 2068 Peloponnesum
698 2028 888 2073 navigare,
915 2027 1099 2060 Meneten
1122 2026 1194 2059 tria
1218 2025 1325 2059 milia
1348 2026 1469 2059 talen·

102 2091 186 2117 tum
212 2082 261 2116 ad
285 2093 388 2117 mare
416 2084 563 2120 deferre
590 2087 758 2130 iusserat,
784 2096 827 2121 ut
852 2099 898 2121 ex
922 2087 1144 2134 propinquo
1168 2088 1376 2134 pecuniam
1394 2088 1469 2121 An-

104 2145 245 2191 tipatro
289 2144 613 2190 subministraret,
656 2157 799 2195 quanta
841 2150 953 2183 illum
999 2149 1171 2194 indigere
1217 2148 1469 2193 cognovisset,

105 2206 230 2241 Probe
264 2205 366 2239 enim
398 2216 662 2257 perspexerat,
701 2212 834 2256 quanti
869 2211 917 2244 ad
952 2211 1082 2244 omnia
1120 2210 1305 2243 momenti
1344 2203 1470 2244 motus

106 2268 212 2302 istius
236 2268 438 2302 inclinatio
467 2270 593 2304 futura
618 2280 726 2314 esset,
765 2271 992 2317 quamquam
1027 2269 1210 2318 deinceps
1235 2261 1394 2318 accepto
1418 2272 1473 2305 vi.

109 2330 252 2363 cioriae
281 2332 418 2363 nuntio
442 2332 517 2365 suis
545 2333 723 2378 operibus
749 2333 788 2367 id
815 2333 1019 2367 discrimen
1043 2345 1278 2380 comparans,
1309 2333 1475 2367 murium

110 2401 194 2423 eam
226 2401 395 2436 pugnam
430 2391 546 2426 fuisse
581 2395 777 2428 cavillatus
817 2403 883 2429 est.
946 2395 1126 2429 Ceterum
1163 2395 1356 2441 principia
1393 2395 1473 2429 eius

110 2450 203 2485 belli
228 2450 334 2485 haud
367 2452 606 2501 improspera
641 2455 956 2491 Lacedaemoniis
991 2457 1112 2491 fuere.
1167 2457 1276 2490 quta
1309 2456 1475 2491 Corrha-

113 2524 202 2559 gum
232 2512 487 2550 Macedoniae
515 2517 712 2551 castellum
739 2530 826 2552 curn
849 2519 1038 2567 Antipatri
1069 2519 1254 2563 militibus
1283 2518 1475 2565 congressi

111 2575 274 2608 victores
301 2575 518 2612 extiterant:
556 2586 592 2612 et
626 2580 680 2613 rei
704 2566 805 2613 bene
824 2587 950 2626 gestae
973 2580 1076 2614 fama
1103 2580 1217 2613 etiam
1235 2579 1301 2625 qui
1317 2591 1475 2626 suspen-

115 2636 163 2670 sis
193 2636 382 2670 mentibus
407 2637 600 2679 fortunam
625 2648 899 2687 spectaverant,
925 2642 967 2676 in
993 2643 1215 2688 societatem
1244 2653 1376 2676 eorum
1391 2652 1475 2687 per-
