1703 2961
403 131 484 174 DE
517 127 916 174 GESTIS‘ALEX.
952 127 1068 178 vlu,
1106 129 1147 172 3.
1423 130 1503 170 251

102 245 292 288 ¹zoClitO.
359 244 441 284 Hie
484 249 597 292 erat,
637 239 709 298 qui
746 239 863 295 apud
898 238 1143 280 Granicum
1183 254 1360 281 amnem
1390 240 1510 282 nudo

166 315 305 371 capite
334 330 481 371 regem
522 314 807 355 dimicantem
839 312 977 366 clipeo
1019 325 1097 351 suo
1126 312 1245 358 texit,
1276 320 1319 352 et
1347 311 1514 353 Rhosa-

165 387 226 428 cis
256 402 439 427 manum
465 385 593 440 capiti
622 383 732 440 regis
762 384 1068 424 imminentem
1087 382 1228 439 gladio
1259 384 1515 438 amputavit:

164 465 286 499 vetus
320 455 503 512 Philippi
546 456 682 503 miles,
720 454 953 512 multisque
991 454 1150 495 bellicis
1190 455 1393 510 operibus
1435 456 1519 496 cla-

104 546 149 568 21
167 545 253 571 rus.
321 528 555 577 Hellanice,
592 543 702 585 quae
744 527 1042 569 Alexandrum
1081 526 1363 576 educaverat,
1393 541 1520 568 soror

169 602 272 649 eius,
298 600 416 642 haud
445 615 566 641 secus
603 615 734 656 quam
765 607 907 641 mater
936 613 958 639 a
988 613 1088 654 rege
1120 597 1388 653 diligebatur.
1444 599 1519 640 Ob

170 674 251 715 has
281 687 429 715 causas
465 672 773 713 validissimam
805 671 974 728 imperii
1003 677 1175 725 partem
1202 670 1302 711 fidei
1335 671 1425 711 eius
1455 678 1522 711 tu-

111 746 372 801 22telaeque
412 743 646 785 commisit.
715 746 891 802 lamque
920 743 1002 784 iter
1033 757 1188 798 parare
1219 742 1264 782 in
1294 751 1522 798 posterum

169 818 319 867 iussus,
349 815 548 857 sollemni
581 823 624 856 et
655 816 915 871 tempestivo
945 814 1181 855 adhibetur
1211 814 1424 858 convivio.
1474 816 1526 856 ln

171 904 260 946 quo
290 903 363 929 rex
404 903 506 929 cum
545 887 686 929 multo
727 886 973 928 incaluisset
1001 900 1139 934 mero,
1169 886 1431 928 immodicus
1460 902 1527 927 ae-

172 961 374 1002 stimator
408 959 495 1009 sui,
536 959 755 1000 celebrare
797 972 908 1014 quae
953 963 1142 1013 gesserat
1181 957 1346 1013 coepit,
1391 959 1528 1014 gravis

176 1033 310 1074 etiam
348 1046 503 1073 eorum
543 1031 731 1079 auribus,
763 1030 836 1086 qui
865 1029 1114 1071 sentiebant
1143 1043 1244 1069 vera
1275 1031 1527 1071 memorari.

115 1117 162 1144 23
176 1104 410 1147 Silentium
445 1109 595 1143 tamen
621 1101 816 1142 habuere
842 1100 1048 1148 seniores,
1079 1100 1221 1142 donec
1249 1101 1435 1158 Philippi
1464 1118 1532 1144 res

178 1192 302 1219 orsus
342 1176 556 1225 obterere,
593 1174 787 1215 nobilem
818 1172 933 1228 apud
963 1171 1272 1213 Chaeroneam
1302 1174 1533 1216 victoriam

178 1249 243 1290 sui
263 1246 545 1305 operissuisse
575 1245 762 1294 iactavit,
787 1234 1126 1304 ademptamque
1157 1243 1236 1284 sibi
1265 1245 1535 1302 malignitate

117 1334 166 1360 24
183 1328 227 1362 et
265 1319 423 1361 invidia
459 1318 595 1375 patris
631 1325 780 1358 tantae
818 1317 880 1357 rei
918 1316 1115 1372 gloriam.
1182 1315 1314 1357 Illum
1345 1318 1539 1375 quidem,

179 1391 394 1434 seditione
432 1390 548 1431 inter
582 1388 852 1430 Macedones
883 1387 1043 1428 milites
1069 1394 1112 1428 et
1142 1387 1335 1430 Graecos
1372 1404 1540 1431 merce-

183 1463 327 1506 narios
359 1469 470 1510 orta,
510 1461 782 1503 debilitatum
819 1459 1009 1509 vulnere,
1044 1459 1164 1516 quod
1197 1460 1244 1500 in
1272 1476 1320 1501 ea
1348 1469 1541 1502 conster-

182 1535 360 1576 natione
401 1539 653 1588 acceperat,
693 1531 892 1580 iacuisse,
931 1547 1022 1572 non
1063 1531 1166 1573 alias
1205 1547 1338 1588 quam
1368 1533 1542 1573 simula-

187 1607 309 1647 tione
347 1603 502 1645 mortis
539 1603 768 1644 tutiorem:
807 1618 851 1643 se
890 1617 1050 1658 corpus
1087 1603 1176 1644 eius
1205 1604 1442 1658 protexisse
1471 1605 1543 1647 cli-

125 1693 271 1733 zspeo
303 1692 395 1726 suo,
426 1682 687 1731 ruentesque
715 1674 760 1714 in
789 1674 910 1714 illum
934 1689 1006 1715 sua
1030 1689 1166 1716 manu
1193 1676 1372 1718 occisos.
1417 1676 1543 1732 Quae

189 1757 363 1806 patrem
397 1760 628 1803 nunquam
667 1759 808 1803 aequo
848 1746 995 1787 animo
1028 1762 1117 1788 esse
1149 1746 1410 1799 confessum,
1441 1750 1547 1791 invi-

191 1828 289 1862 tum
315 1818 400 1861 filio
431 1819 666 1859 debentem
696 1818 881 1859 salutem
910 1832 1048 1860 suam.
1107 1821 1258 1875 ltaque
1287 1828 1389 1876 post
1425 1837 1549 1877 expe*

193 1892 420 1940 ditionem,
452 1905 586 1947 quam
615 1890 706 1931 sine
737 1906 789 1931 eo
820 1889 993 1931 fecisset
1012 1890 1103 1946 ipse
1133 1891 1178 1932 in
1204 1891 1386 1949 Illyrios,
1414 1893 1552 1935 victo-

196 1978 293 2005 rem
323 1962 539 2018 scripsisse
575 1977 619 2002 se
655 1963 782 2017 patri,
824 1961 944 2004 fusos
979 1961 1239 2019 fugatosque
1280 1963 1439 2015 hostes,
1466 1980 1552 2007 nee

131 2047 181 2076 26
198 2034 372 2077 affuisse
410 2048 594 2090 usquam
613 2038 628 2058 ¹
663 2033 928 2090 Philippum.
966 2034 1116 2074 Laude
1149 2035 1302 2089 dignos
1332 2051 1434 2085 esse,
1459 2052 1553 2079 non

201 2107 274 2164 qui
304 2105 646 2148 Samothracum
677 2105 797 2164 initia
828 2105 1031 2155 viserent,
1071 2121 1174 2146 cum
1202 2107 1352 2148 Asiam
1384 2107 1451 2148 uri
1483 2092 1558 2152 va-

194 2179 393 2235 starique
429 2185 679 2234 oporteret,
720 2177 796 2219 sed
836 2192 938 2226 eos,
976 2177 1050 2235 qui
1072 2178 1370 2235 magnitudine
1404 2194 1555 2222 rerum

204 2250 338 2293 fidem
376 2248 714 2291 antecessissent.

147 2341 193 2367 27
290 2322 410 2364 Haec
450 2328 491 2362 et
526 2320 592 2362 his
629 2320 780 2362 similia
814 2320 916 2362 laeti
953 2322 1129 2364 audiere
1169 2322 1359 2374 iuvenes,
1389 2324 1557 2383 ingrata
1593 2331 1621 2380 4

208 2393 451 2436 senioribus
482 2401 619 2443 erant,
645 2393 832 2435 maxime
859 2402 1044 2451 propter
1072 2393 1336 2452 Philippum,
1365 2398 1443 2439 sub
1469 2413 1558 2455 quo

149 2482 196 2510 28
213 2464 370 2507 diutius
394 2464 608 2507 vixerant:
637 2481 740 2509 cum
768 2465 919 2518 Clitus,
955 2482 1012 2508 ne
1039 2467 1131 2524 ipse
1158 2469 1338 2526 quidem
1367 2470 1468 2512 satis
1495 2486 1563 2513 50·

211 2625 229 2650 1
254 2636 436 2671 unquam.
