1703 2961
444 85 525 127 DE
556 85 762 129 GESTIS
790 86 962 136 ALEX,
991 87 1065 136 lV,
1097 85 1161 128 45.
1426 93 1478 138 87

38 204 42 249 ,Ι
125 205 234 247 tum,
263 200 275 221 ¹
323 197 495 254 utrique
544 197 709 238 lateri²
764 198 908 254 equite
954 198 1247 239 circumdato:
1301 201 1480 258 impedi-

70 288 96 314 4
124 274 272 310 menta
309 269 603 325 sequebantur
643 283 812 323 agmen.
869 270 1155 311 Praemissum
1186 271 1341 313 deinde
1373 288 1476 314 cum

125 340 220 382 citis
258 340 476 396 equitibus
499 341 515 368 ³
557 339 804 381 Menidan⁴
849 341 969 382 iubet
1007 341 1243 397 explorare,
1285 344 1359 385 ubi
1391 346 1478 386 Da-

121 426 221 452 reus
260 419 380 454 esset.
443 412 503 452 At
538 411 629 461 ille,
666 427 768 453 cum
806 412 1009 464 Mazaeus
1040 412 1158 455 haud
1187 414 1341 470 procul
1375 432 1478 459 con-

121 483 311 532 sedisset,
350 497 441 523 non
469 497 595 523 ausus
626 483 734 524 ultra
766 485 1017 537 procedere,
1046 484 1152 526 nihil
1184 485 1312 536 aliud,
1343 502 1477 544 quam

120 555 345 597 fremitum
385 552 618 595 hominum
657 554 964 612 hinnitumque
995 571 1212 614 equorum
1244 559 1477 609 exaudisse,

71 641 86 669 s
120 627 304 668 nuntiat.
371 625 574 666 Mazaeus
615 642 803 683 quoque,
845 629 1089 685 conspectis
1137 629 1292 685 procul
1335 631 1478 687 explo-

119 697 363 747 ratoribus,
405 696 448 737 in
499 705 637 738 castra
688 713 730 739 se
769 700 984 755 reecpit,⁵
1035 700 1244 744 adventus
1284 700 1476 744 hostium

119 771 313 812 nuntius.
371 768 507 825 Igitur
532 769 713 819 Dareus,
746 771 818 828 qui
852 772 895 812 in
927 773 1176 828 patentibus
1206 773 1374 830 campis
1404 774 1476 816 de-

119 857 298 884 cernere
338 841 534 897 optabat‚
562 842 720 883 armari
749 842 931 884 militem
971 843 1103 894 iubet,
1136 845 1364 902 aciemque
1395 845 1476 887 dis-

66 923 90 952 6
118 913 257 968 ponit.
338 915 392 954 In
430 913 551 954 laevo
588 928 727 955 cornu
752 915 971 956 Bactriani
1001 915 1125 956 ibant
1151 917 1331 972 equites,
1358 917 1475 958 mille

118 985 380 1035 admodum,
411 985 563 1026 Dahae
609 986 810 1033 totidem,
841 995 884 1027 et
917 985 1145 1028 Arachosii
1178 988 1471 1045 Susianique⁶

118 1061 368 1113 quattu0r⁷
412 1057 651 1111 explebant.
710 1057 803 1098 Hos
846 1064 1024 1099 centum
1055 1058 1071 1083 ⁸
1125 1057 1273 1100 falcati
1324 1073 1476 1101 currus

116 1128 423 1185 sequebantur.
502 1128 729 1170 Proximus
776 1127 994 1185 quadrigis
1040 1136 1134 1170 erat
1176 1131 1333 1171 Bessus
1373 1145 1476 1172 cum

67 1214 82 1241 7
117 1208 220 1242 octo
266 1199 443 1242 milibus
491 1200 690 1257 equitum
734 1199 840 1240 item
880 1199 1140 1244 Bactrianis.
1203 1201 1475 1259 Massagetae

116 1271 286 1314 duobus
329 1271 504 1314 milibus
543 1286 700 1328 agmen
740 1271 830 1311 eius
869 1270 1146 1316 claudebant.
1205 1272 1378 1315 Pedites
1409 1274 1476 1315 his

112 1337 302 1399 plurium
341 1344 540 1400 gentium
591 1359 681 1384 non
728 1343 1003 1392 immixtos,⁹
1040 1343 1116 1385 sed
1150 1359 1252 1385 suae
1291 1345 1473 1403 quisque

115 1415 305 1456 nationis
334 1415 534 1457 iunxerat
556 1419 602 1440 ²0
634 1404 792 1469 copias.
854 1416 1005 1456 Persas
1033 1415 1189 1458 deinde
1221 1433 1324 1458 cum
1361 1418 1475 1459 Mar-

117 1487 179 1529 dis
198 1487 513 1544 Sogdianisque
531 1487 844 1528 Ariobarzanes
872 1493 917 1527 et
946 1486 1248 1529 Orontobates
1271 1493 1310 1513 ¹¹
1348 1489 1477 1531 duce—

65 1574 83 1601 8
115 1560 234 1600 bant.
304 1559 367 1601 llli
405 1559 602 1614 partibus
642 1558 890 1612 copiarum,
921 1573 1120 1600 summae
1150 1559 1331 1602 Orsines
1356 1576 1480 1616 prae·-

116 1637 223 1678 erat,
254 1644 279 1671 a
307 1638 476 1685 septem
503 1630 642 1672 Persis
673 1629 899 1676 oriundus,
924 1630 979 1670 ad
1000 1628 1169 1686 Cyrum
1197 1647 1374 1689 quoque
1402 1649 1478 1674 no-

64 1719 85 1750 9
115 1701 375 1744 bilissimum
414 1716 562 1759 regem
608 1700 821 1756 originem
867 1703 931 1742 sui
968 1701 1176 1746 referens.
1239 1704 1332 1746 Hos
1370 1705 1477 1747 aliae

115 1781 284 1832 gentes,
340 1789 396 1816 ne
436 1773 564 1816 sociis
600 1773 781 1829 quidem
814 1774 914 1814 satis
952 1781 1107 1824 notae,
1166 1777 1475 1833 sequebantur.

117 1847 220 1887 Post
271 1860 379 1902 quas
417 1844 731 1902 quinquaginta
774 1845 1005 1903 quadrigas
1040 1845 1280 1889 Phradates
1316 1863 1477 1905 magno

117 1917 450 1972 Caspiorum¹²
500 1915 672 1973 agmine
717 1917 1020 1958 antecedebat.
1107 1919 1218 1968 Indi,
1255 1920 1477 1977 ceterique

118 1990 239 2030 rubri
266 1989 398 2030 maris
425 1987 613 2037 accolae,
644 1988 826 2029 nomina
860 1988 999 2030 verius
1030 2005 1163 2045 quam
1194 1991 1359 2042 auxilia,
1382 2000 1480 2046 post

60 2075 272 2103 rocurrus
314 2066 449 2101 erant.
511 2058 815 2100 Claudebatur
855 2058 944 2101 hoc
995 2075 1152 2117 agmen
1191 2062 1282 2104 aliis
1313 2063 1481 2106 falcatis

117 2131 337 2174 curribus:
364 2131 409 2158 ¹³
473 2130 568 2186 quis
625 2131 906 2188 peregrinum
960 2132 1146 2174 militem
1211 2134 1479 2176 adiunxerat.

116 2205 247 2246 Hunc
273 2201 485 2252 Armenii,
525 2218 637 2259 quos
674 2203 868 2244 minores
907 2204 1138 2258 appellant,
1166 2209 1214 2234 ¹4
1245 2207 1480 2248 Armenios

119 2363 136 2387 1
171 2361 352 2406 peditem.
446 2359 467 2385 2
498 2361 541 2394 in
577 2368 782 2407 utrumque
817 2361 929 2396 latus.
982 2363 987 2366 ”
1020 2363 1042 2394 3
1077 2364 1239 2399 concitis
1275 2364 1479 2410 equitibus.
1546 2402 1555 2420 r

206 2417 229 2446 4
251 2414 464 2448 Menidam.
538 2416 559 2444 5
592 2415 742 2462 recipit.
811 2413 831 2439 ⁶
867 2415 1058 2463 Susiique.
1130 2419 1146 2447 7
1176 2417 1340 2452 addicat·
1367 2418 1483 2453 milia.

210 2468 229 2496 8
257 2469 548 2514 quinquaginta.
676 2480 683 2484 ’
770 2469 792 2495 9
829 2469 975 2503 mixtas.
1201 2473 1242 2497 10
1265 2472 1480 2506 iunxerant.

212 2523 253 2546 11
276 2522 478 2556 Orobates.
684 2522 726 2548 12
756 2522 1050 2568 Caspianorum.
1252 2525 1290 2555 13
1320 2524 1483 2560 additur-

213 2576 506 2622 quinquaginta.
712 2577 754 2608 14
786 2585 938 2612 vocant.
