1703 2961
222 110 349 142 xvm
496 110 504 116 ·
679 90 1153 143 PRAEFATIO.

222 228 418 263 tantum
453 214 908 276 interpolationem
941 215 1138 260 nullam
1171 219 1309 277 passi
1347 218 1594 278 videntur,

219 293 501 344 propterea
542 279 682 340 quod
727 281 1036 340 antiquiores
1073 293 1212 338 sunt,
1253 297 1382 329 unus
1418 288 1506 346 qui
1539 289 1595 333 in

222 348 403 408 pluteo
440 347 503 391 64
529 360 742 390 numero
779 346 839 390 35
868 357 1085 402 notatur,
1122 348 1296 392 seculo
1322 349 1593 396 undecimo

223 415 434 458 ineunte
470 413 689 470 scriptus
718 412 771 454 in
797 422 992 470 quarm,
1028 423 1084 456 ut
1110 411 1301 469 dicunt,
1334 415 1596 473 quadrato,

226 492 380 538 quem
416 475 636 521 eundem
671 474 734 519 ab
768 476 979 520 Heinsio
1011 487 1279 527 tractatum
1311 494 1421 524 esse
1455 492 1594 526 certo

228 553 468 603 expertus
513 556 638 596 sum,
709 555 1018 600 quamquam
1054 540 1193 586 haud
1241 544 1309 588 ita
1350 560 1479 602 raro,
1542 557 1599 591 ut

224 606 336 655 fieri
375 606 528 663 solet,
564 607 699 651 illius
743 617 985 665 excerpta
1027 621 1056 650 a
1108 609 1294 652 nostris
1343 608 1599 667 differunt,

226 674 375 728 alter,
422 687 576 731 quem
611 670 766 716 modo
819 670 920 715 dixi
966 671 1088 715 olim
1127 684 1334 732 patrum
1366 674 1604 721 Domini-

228 752 476 783 canorum
500 735 672 791 fuisse,
707 751 782 780 nr.
810 739 901 784 391
937 737 1218 798 insignitus,
1253 739 1427 784 seculo
1454 755 1601 800 quar-

227 803 483 849 todecimo
522 804 575 847 in
609 801 736 846 solio
772 800 934 845 verbis
978 816 1231 861 perquam
1267 805 1601 865 compendio-

229 870 295 914 sis
328 879 573 913 exaratus.
640 866 859 925 Reliqui,
898 881 1208 926 quamquam
1238 883 1346 913 non
1380 873 1493 930 pari
1526 886 1602 916 ra-

225 936 382 990 tione,
434 933 654 994 propius
695 931 757 976 ad
797 930 1044 976 editiones
1079 934 1343 994 principes
1388 947 1602 981 textum-

229 1014 329 1059 que
384 999 644 1060 vulgarem
697 996 962 1053 accedunt,
1023 997 1113 1042 sed
1162 1013 1227 1042 ne
1279 1001 1352 1043 sic
1397 1000 1604 1060 quidem

230 1066 339 1110 sine
364 1079 548 1124 magno
576 1062 746 1107 fructu
769 1061 917 1107 nobis
941 1061 1161 1118 fuerunt,
1186 1063 1605 1125 quandoquidem

231 1142 281 1175 et
309 1130 382 1174 illi
419 1130 682 1190 principes
721 1126 938 1172 editores
985 1128 1156 1172 multis
1202 1130 1254 1172 in
1297 1129 1420 1176 locis
1466 1131 1604 1176 codi-

233 1210 350 1239 cum
395 1209 604 1239 suorum
648 1194 1002 1238 auctoritatem
1040 1192 1399 1254 neglexerunt,
1463 1195 1604 1255 quod

233 1259 546 1321 diligentiam
597 1259 899 1319 praesertim
960 1259 1015 1304 in
1067 1257 1340 1304 verborum
1383 1261 1605 1307 colloca-

231 1327 373 1370 tione
409 1327 534 1370 tanti
569 1339 678 1369 non
707 1325 1043 1379 aestimarent,
1080 1335 1130 1368 et
1160 1326 1488 1385 insequentes
1525 1341 1607 1372 ae·-

235 1406 333 1451 que
381 1390 541 1435 multa
583 1405 682 1450 pro
739 1388 944 1434 arbitrio
986 1401 1271 1445 mutarunt,
1323 1405 1455 1450 quae
1497 1407 1606 1436 non

235 1471 368 1516 opus
412 1455 522 1500 fuit.
607 1456 774 1499 Etiam
819 1456 907 1514 qui
959 1455 1063 1498 loci
1113 1455 1277 1498 sanari
1328 1471 1436 1500 non
1484 1472 1607 1517 pos-

241 1533 373 1577 sunt,
408 1522 505 1566 nisi
539 1518 811 1564 audaciore
862 1520 1185 1574 coniectura,
1233 1521 1420 1565 rectius
1478 1533 1603 1566 tem-

232 1598 458 1649 ptantur,
494 1585 536 1630 si
572 1599 726 1644 quam
759 1583 1099 1644 plurimorum
1134 1587 1605 1645 manuscriptorum

231 1651 481 1697 lectiones
515 1652 568 1695 in
603 1660 854 1709 promptu
889 1659 1019 1704 sunt,
1064 1663 1216 1707 quam
1259 1650 1300 1693 si
1344 1649 1408 1694 ad
1457 1653 1608 1696 unius

237 1728 287 1762 et
334 1717 539 1761 alterius
588 1729 743 1774 saepe
795 1713 927 1759 male
982 1717 1255 1772 repetitam
1304 1716 1610 1775 scripturam

236 1780 540 1827 emendandi
563 1779 852 1841 periculum
873 1780 1135 1823 instituere
1162 1780 1372 1839 cogaris.
1408 1781 1529 1840 Quo
1555 1782 1608 1827 in

235 1863 420 1911 genere
467 1844 811 1892 memorabilis
862 1855 937 1889 est
984 1843 1148 1889 codex
1189 1843 1606 1891 membranaceus

235 1914 520 1975 trigesimus
558 1909 786 1956 eiusdem
834 1909 1000 1970 plutei
1043 1909 1120 1967 64,
1164 1923 1194 1954 a
1231 1924 1312 1954 me
1358 1910 1524 1956 littera
1559 1915 1609 1961 G

234 1990 464 2034 notatus,
537 1991 691 2037 quem
755 1973 1084 2021 manifestum
1137 1986 1213 2019 est
1275 1973 1338 2020 ab
1406 1975 1605 2022 erudito

235 2043 496 2105 quondam
538 2041 745 2087 homine
797 2040 1164 2102 interpolatum
1217 2054 1350 2098 esse,
1405 2040 1494 2087 sed
1538 2044 1607 2087 ita

232 2109 626 2170 interpolatum,
690 2118 746 2151 ut
800 2107 906 2151 eius
974 2108 1301 2151 coniecturae
1350 2121 1606 2167 persaepe

234 2189 347 2220 eam
401 2171 895 2219 verisimilitudinem
944 2170 1192 2227 habeant,
1255 2186 1409 2231 quam
1448 2171 1605 2218 hodie

235 2240 378 2300 sequi
416 2239 656 2283 solemus.
710 2237 1000 2298 Quominus
1030 2236 1267 2281 Parisinis
1297 2237 1463 2297 copiis
1498 2248 1606 2282 ute-

232 2320 328 2361 rer,
375 2303 439 2349 ad
472 2319 595 2364 quas
641 2304 753 2349 Car.
795 2300 983 2347 Bened.
1030 2302 1169 2346 Hasii
1214 2303 1456 2359 amicitia,
1497 2303 1605 2349 Viri

236 2381 286 2416 et
331 2368 594 2415 doctrinae
655 2379 705 2413 et
764 2366 1090 2412 humanitatis
1133 2365 1369 2413 laudibus
1416 2368 1604 2425 eximii,

235 2434 428 2481 aditum
463 2434 588 2479 mihi
627 2443 909 2494 paraverat,
958 2431 1192 2477 fecerunt
1235 2444 1477 2493 excerpta
1521 2433 1604 2478 tri-

234 2516 323 2546 um
357 2499 596 2546 codicum
628 2515 704 2545 nr.
741 2497 884 2546 5716.
922 2496 1064 2545 5717.
1103 2498 1229 2545 5718
1263 2496 1482 2543 duorum
1523 2512 1602 2543 ca-

229 2567 414 2629 pitum,
459 2566 623 2627 quinti
669 2576 719 2610 et
761 2565 902 2623 sexti,
947 2561 1062 2611 libri
1100 2563 1204 2620 Vll,
1251 2579 1347 2626 per
1373 2561 1600 2611 Michae-
