1703 2961
0 123 11 193 ,Ι
380 135 461 177 ΒΕ
501 133 712 177 GEs'rls
752 134 918 177 ALssx.
952 134 1026 181 lv,
1058 131 1124 174 40.
1375 135 1423 174 81

79 247 240 305 quippe
277 245 494 297 Mazaeus,
535 245 609 303 qui
641 252 768 286 antea
799 260 878 302 per
909 246 1046 288 otium
1077 246 1197 288 vicos
1226 245 1428 288 incende-

77 326 164 369 rat,
207 318 295 359 iam
330 318 479 374 fugere
519 324 772 366 contentus,
820 317 1024 374 pleraque
1066 318 1266 358 inviolata
1313 317 1427 358 hosti

13 389 258 446 1sreliquit.
317 390 560 431 Alexander
580 387 699 430 haud
725 388 892 444 longius
921 397 1099 430 centum
1116 389 1426 445 quinquaginta

73 461 221 502 stadiis
249 462 446 503 Dareum
487 477 509 502 a
538 476 581 502 se
606 462 622 485 ¹
666 460 812 502 abesse
845 468 1133 516 compererat.
1192 462 1343 517 ltaque
1372 460 1427 501 ad

74 533 316 574 satietatem
344 547 519 590 quoque
551 532 677 589 copia
704 538 1035 574 commeatuum
1060 531 1306 582 instructus,
1325 546 1428 588 qua-

72 604 220 646 triduo
251 605 296 646 in
334 604 491 646 eodem
519 603 619 646 loco
651 603 855 646 substitit.

13 683 59 714 ιδ
148 677 422 731 Interceptae
480 674 638 717 deinde
685 674 819 716 Darei
869 675 1039 718 litterae
1089 683 1208 725 sunt,
1271 674 1428 732 quibus

8 763 9 767 ¹
72 747 233 791 Graeci
262 748 419 789 milites
457 746 823 798 sollicitabantur,
860 755 910 790 ut
949 763 1094 804 regem
1119 745 1427 796 interficerent,
1470 787 1481 796 ,

72 827 148 862 aut
183 819 446 877 proderentx
487 819 803 876 dubitavitque,
835 835 890 862 an
921 835 991 861 eas
1014 833 1095 875 pro
1126 819 1334 860 contione
1362 832 1428 859 re-⁴

74 893 237 943 citaret,
274 891 375 933 satis
412 890 599 933 confisus
636 889 913 933 Graecorum
949 905 1125 948 quoque
1153 904 1251 946 erga
1281 905 1326 932 se
1356 890 1428 932 bea

14 962 334 1006 t7nivolentiae
371 977 423 1005 ac
458 957 571 1004 fidei.
658 961 746 1003 Sed
785 963 1018 1004 Parmenio
1059 962 1290 1012 deterruit,
1335 977 1429 1003 non

68 1051 158 1078 esse
197 1035 353 1076 talibus
394 1034 618 1091 promissis
655 1034 916 1076 imbuendas
943 1048 1068 1075 aures
1097 1033 1287 1074 militum
1315 1031 1431 1074 affixa

65 1109 248 1149 mans:2
287 1112 439 1162 patere
475 1105 542 1147 vel
581 1105 708 1147 unius
743 1105 906 1148 insidiis
952 1121 1120 1162 regem:
1158 1104 1267 1145 nihil
1306 1104 1428 1146 nefas

13 1187 155 1222 teesse
188 1176 404 1220 avaritiae,
444 1175 628 1218 Secutus
657 1177 822 1219 consilii
847 1184 1089 1228 auctorem,
1118 1184 1257 1219 castra
1273 1177 1428 1222 movit.

40 1290 62 1323 9
144 1279 235 1320 Iter
264 1276 442 1319 facienti
473 1277 610 1334 spado
652 1291 675 1319 e
702 1277 719 1306 3
751 1277 942 1333 captivis,
975 1265 1210 1334 quiDarei
1244 1272 1482 1319 uxorem41

69 1349 416 1398 comitabantur,
455 1348 641 1391 deficere
683 1363 780 1391 earn
818 1350 1002 1399 nuntiat,
1039 1356 1084 1390 et
1123 1350 1191 1391 vix
1227 1350 1428 1405 spiritum

69 1421 241 1463 ducere.
299 1408 470 1461 Itineris
501 1421 696 1462 continui
723 1422 876 1463 labore
909 1421 1128 1478 animique
1159 1420 1427 1477 aegritudine

64 1492 256 1548 fatigata,
297 1490 410 1533 inter
444 1507 594 1534 socrus
624 1499 668 1534 et
695 1493 913 1550 virginum
942 1493 1129 1534 filiarum
1157 1503 1313 1535 manus
1342 1493 1428 1536 col*

67 1563 184 1619 lapsa
221 1570 336 1611 erat,
380 1562 536 1604 deinde
569 1571 613 1605 et
657 1566 858 1606 extincta.
956 1565 1007 1606 Id
1045 1565 1188 1621 ipsum
1219 1564 1427 1606 nuntians

31 1636 173 1678 oalius
204 1633 462 1691 supervenit.
521 1635 580 1676 Et
617 1645 691 1677 rex
728 1633 846 1677 haud
884 1651 1018 1686 secus,
1055 1650 1187 1694 quam
1214 1637 1246 1677 si
1271 1652 1427 1693 paren⁴

66 1708 121 1749 tis
151 1709 314 1748 mors4
354 1706 554 1748 nuntiata
596 1714 718 1757 esset,
763 1708 941 1750 crebros
980 1709 1115 1750 edidit
1142 1708 1338 1765 gemitus,
1368 1709 1428 1750 laa

69 1779 303 1836 crimisque
345 1778 522 1829 obortis,
563 1780 709 1836 quales
747 1783 916 1821 Dareus
957 1780 1243 1837 profudisset,
1287 1781 1333 1822 in
1362 1788 1426 1822 ta-·

69 1850 380 1899 bernaculum,
421 1851 466 1891 in
509 1864 596 1907 quo
636 1858 780 1892 mater
819 1859 912 1893 erat
939 1852 1085 1901 Darei,
1125 1852 1335 1894 defuncto
1364 1864 1426 1894 as*

37 1923 212 1965 xsidens
253 1921 448 1977 corpori,
498 1923 630 1965 venit.
716 1924 798 1965 Hic
826 1939 929 1965 vero
958 1931 1192 1966 renovatus
1221 1932 1284 1966 est
1307 1937 1426 1966 mae=

71 2009 158 2046 ror,
196 2001 246 2036 ut
280 2000 547 2051 prostratam
581 1993 704 2037 humi
746 1997 867 2038 vidit.
944 1995 1130 2037 Recenti
1160 1994 1277 2036 malo
1310 1995 1425 2052 prio-·

68 2081 169 2108 rum
201 2082 380 2124 quoque
412 2067 648 2118 admonita,
680 2075 907 2125 receperat
937 2068 980 2109 in
1010 2069 1225 2122 gremium
1257 2067 1424 2108 adultas

69 2138 266 2196 virgines,
295 2153 452 2195 magna
485 2139 663 2196 quidem
691 2140 834 2181 mutui
854 2140 1014 2181 doloris
1040 2139 1206 2188 solatia,-
1235 2139 1309 2180 sed
1333 2139 1425 2196 qui-

36 2210 149 2252 2bus
179 2210 270 2266 ipsa
311 2210 493 2252 deberet
533 2227 623 2252 esse
659 2211 826 2252 solatio.
880 2213 932 2253 In
965 2218 1205 2268 conspectu
1232 2212 1326 2252 erat
1351 2226 1424 2251 ne-

72 2296 152 2339 pos
183 2282 398 2338 parvulus,
438 2283 494 2324 ob
536 2282 579 2324 id
607 2283 752 2340 ipsum
779 2283 1046 2334 miserabilis,
1074 2283 1194 2341 quod
1222 2282 1424 2324 nondum·

71 2352 284 2394 sentiebat
329 2354 633 2406 calamitatem,
676 2372 726 2398 ex
756 2356 943 2397 maxima
970 2360 986 2385 ⁵
1025 2363 1150 2414 parte
1187 2355 1247 2401 ad
1281 2351 1425 2410 ipsum

39 2424 406 2470 sredundantem.
477 2426 711 2480 Crederes,
752 2427 1046 2471 Alexandrum
1090 2429 1202 2470 inter
1230 2442 1327 2469 suas
1354 2441 1427 2467 ne-

75 2575 94 2600 1
119 2575 262 2610 absunt
284 2571 398 2613 verba
424 2592 446 2614 a
470 2591 521 2614 se.
773 2579 793 2605 2
818 2580 938 2615 abest}
1181 2572 1200 2609 3
1227 2585 1344 2613 unus
1370 2589 1428 2611 ex.

164 2631 187 2663 4
210 2632 379 2676 parentis
402 2645 519 2668 suae
552 2645 667 2668 mors.·
870 2635 887 2664 5
914 2633 1079 2667 maxima
1106 2644 1163 2666 ex.

1133 2695 1169 2735 F
