1703 2961
426 146 508 189 DE
539 144 746 190 GESTIS
776 147 944 190 ALEX.
980 148 1047 199 ix,
1078 151 1142 189 22.
1394 152 1478 194 323

52 258 205 299 29Rex
243 271 345 298 curn
391 257 670 305 affirmasset,
712 257 819 299 nihil
872 274 982 316 opus
1035 275 1125 302 esse
1172 259 1251 312 his,
1298 262 1372 319 qui
1412 279 1473 305 se-

111 336 204 369 met
245 329 536 377 continerent,
572 330 683 372 sicut
721 339 1007 386 praeceptum
1055 338 1160 381 erat,
1204 332 1295 374 sine
1343 343 1471 377 motu

107 401 313 457 praebuit
353 416 525 457 corpus.
596 402 728 457 Igitur
770 402 994 457 patefacto
1036 403 1162 443 latius
1202 404 1396 452 vulnere,
1425 415 1469 448 et

106 471 272 528 spiculo
325 471 490 521 evolso,
534 472 682 528 ingens
720 473 782 514 vis
818 474 1036 529 sanguinis
1073 489 1256 517 manare
1308 479 1466 534 coepit,

104 543 329 600 linquique
368 544 516 585 animo
559 558 644 594 rex,
685 551 729 586 et
767 545 947 601 caligine
984 545 1119 587 oculis
1150 546 1304 598 offusa,
1335 549 1467 591 veluti

2 616 392 656 1=9moribunclus
444 616 626 656 extendi.
708 615 914 674 Cumque
965 617 1233 672 profluvium
1275 621 1467 669 medica-

0 1284 7 1313 3

102 688 262 729 mentis
298 687 458 728 frustra
502 687 765 739 inhiberent,
807 690 975 731 clamor
1003 689 1131 730 simul
1162 697 1292 748 atque
1324 693 1467 748 plora—

100 767 171 800 tus
210 760 457 801 amicorum
505 763 658 810 oritur,
703 776 853 819 regem
898 761 1114 818 expirasse
1173 763 1463 806 credentium.

101 832 303 873 Tandem
333 831 530 873 constitit
564 834 746 890 sanguis,
790 834 1091 890 paulatimque
1121 834 1318 875 animum
1349 851 1467 878 rece-

39 914 87 943 3ο
101 903 176 959 pit,
207 910 251 944 et
286 903 620 946 circumstantes
663 906 809 962 coepit
851 920 1098 963 agnoscere.
1162 906 1280 948 Toto
1313 923 1364 949 eo
1398 910 1465 950 die

34 1342 88 1375 v1.

99 990 149 1016 ac
185 983 330 1024 nocte,
373 990 485 1032 quae
524 984 671 1018 secuta
713 985 786 1028 est,
827 985 1021 1018 armatus
1057 979 1271 1020 exercitus
1298 981 1466 1035 regiam

98 1047 286 1095 obsedit,
326 1047 549 1089 confessus
590 1064 743 1090 omnes
779 1049 907 1090 unius
946 1049 1100 1105 spiritu
1136 1049 1293 1091 vivere.
1368 1052 1463 1094 Nec

96 1120 218 1176 prius
247 1128 533 1170 recesserunt,
572 1135 707 1177 quam
748 1128 1029 1176 compertum
1061 1127 1137 1170 est,
1169 1136 1328 1163 somno
1358 1135 1464 1180 pau*-

95 1191 226 1247 lisper
256 1192 547 1248 acquiescere.
611 1192 728 1234 Hinc
770 1192 1008 1234 certiorem
1037 1207 1164 1248 spem
1197 1194 1344 1237 salutis
1372 1197 1462 1239 eius

95 1263 140 1303 in
173 1270 313 1304 castra
352 1262 630 1304 rettulerunt.

178 1336 271 1376 Rex
309 1342 479 1390 septem
517 1334 670 1377 diebus
709 1342 864 1378 curato
903 1334 1104 1384 vulnere,
1150 1337 1345 1380 necdum
1385 1342 1526 1392 oli-23

95 1408 226 1449 ducta
257 1406 472 1457 cicatrice,
517 1422 620 1448 cum
660 1407 863 1455 audisset,
905 1407 1174 1449 convaluisse
1210 1411 1329 1466 apud
1366 1412 1464 1454 bar-

91 1480 224 1521 baros
266 1478 434 1519 famam
479 1479 638 1520 mortis
683 1494 808 1531 suae,
848 1480 1021 1522 duobus
1061 1480 1241 1536 navigiis
1291 1483 1462 1535 iunctis,

93 1551 225 1593 statui
258 1551 302 1592 in
331 1550 531 1592 medium
569 1552 763 1610 undique
796 1553 1087 1608 conspicuum
1126 1553 1462 1598 tabernaculum

54 1661 57 1664 .
92 1623 228 1672 iussit,
263 1639 313 1664 ex
345 1638 433 1679 quo
465 1638 510 1664 se
541 1625 793 1666 ostenderet
819 1625 982 1681 perisse
1009 1625 1303 1668 credentibus.
1347 1627 1466 1670 Con-

93 1703 354 1752 spectusque
385 1694 439 1735 ab
469 1694 623 1749 incolis
652 1712 777 1752 spem
807 1696 1004 1738 hostium
1036 1697 1144 1738 falso
1176 1697 1331 1739 nuntio
1361 1715 1465 1741 con-

95 1775 270 1824 ceptam
299 1766 498 1808 inhibuit.
565 1768 773 1810 Secundo
817 1768 975 1810 deinde
1005 1783 1136 1811 amne
1167 1769 1357 1821 defluxit,
1391 1771 1464 1812 ali-

93 1846 309 1895 quantum
347 1838 557 1879 intervalli
603 1855 626 1882 a
679 1847 824 1881 cetera
872 1841 1006 1882 classe
1059 1842 1356 1898 praecipiens,
1405 1859 1462 1885 ne

93 1911 215 1967 quies
254 1910 430 1966 corpori
471 1910 663 1954 invalido
702 1912 847 1955 adhuc
884 1913 1130 1955 necessaria
1158 1913 1284 1970 pulsu
1319 1929 1461 1956 remo-

91 1996 190 2023 rum
224 1982 528 2038 impediretur.

177 2055 365 2110 Quarto,
400 2062 638 2112 postquam
679 2055 883 2111 navigare
911 2063 1132 2113 coeperat,
1163 2056 1232 2098 die
1262 2061 1463 2114 pervenit

91 2127 136 2168 in
163 2127 390 2184 regionem
417 2127 637 2168 desertam
668 2128 848 2183 quidem
877 2129 931 2169 ab
964 2129 1132 2177 incolis,
1165 2129 1240 2171 sed
1265 2130 1462 2172 frumen-

91 2206 139 2239 to
169 2207 212 2240 et
249 2198 486 2255 pecoribus
523 2199 836 2243 abundantem.
896 2200 1067 2243 Placuit
1097 2203 1130 2243 is
1167 2202 1291 2242 locus
1325 2209 1370 2242 et
1404 2204 1461 2245 ad

94 2279 287 2318 suam‚et
308 2271 362 2311 ad
377 2270 568 2310 militum
591 2270 800 2326 requiem.
825 2272 926 2313 Mos
945 2281 1040 2314 erat
1063 2271 1333 2329 principibus
1355 2274 1463 2325 ami-

89 2356 245 2383 corum
261 2349 304 2383 et
317 2343 570 2384 custodibus
592 2343 805 2399 corporis,
818 2345 1035 2386 excubare
1056 2353 1157 2386 ante
1172 2345 1461 2401 praetorium,

88 2412 290 2469 quotiens
320 2413 497 2455 adversa
529 2415 648 2471 regi¹
684 2415 890 2459 valetudo
928 2415 1162 2457 incidisset.
1235 2417 1332 2458 Hoc
1364 2425 1462 2459 tum

89 2500 266 2542 quoque
308 2488 467 2527 more²
496 2495 680 2538 servato,
722 2485 909 2528 universi
952 2487 1208 2530 cubiculum
1258 2489 1350 2531 eius
1400 2490 1463 2530 in-

90 2644 106 2666 1
134 2645 210 2689 regi
239 2644 407 2679 adversa.
596 2646 616 2671 ²
644 2657 750 2681 more
785 2657 953 2693 q-uoque.

1093 2695 1192 2748 *x2
