1703 2961
449 96 532 138 DE
569 95 780 139 GESTlS
819 95 990 137 ALEX.
1022 95 1074 147 X,
1101 96 1144 140 5.
1400 97 1482 143 347

124 221 224 249 rum
260 207 434 264 regibus
469 206 755 264 imperatum,
795 213 846 249 ut
885 222 956 249 aes
987 214 1283 267 stuppamque
1321 216 1366 252 et
1393 209 1485 252 vela

123 279 401 336 praeberent.

42 347 110 391 '20
208 352 331 394 Haec
361 353 502 410 agenti
541 351 642 394 Pori
673 358 718 393 et
743 351 902 393 Taxilis
928 365 1081 408 regum
1110 351 1281 394 litterae
1312 354 1490 396 tradun-

124 429 212 472 tur,
248 424 463 467 Abisaren
483 429 493 449 ¹
540 424 715 475 morbo,
746 422 1012 479 Philippum,
1039 423 1314 479 praesectum
1344 425 1488 481 ipsius,

126 511 177 538 ex
213 497 390 538 vulnere
437 496 656 546 interisse,
705 509 1024 552 oppressosque
1074 496 1148 552 qui
1190 496 1490 540 vulnerassent

62 581 106 604 21
125 582 239 609 eum.
302 569 437 625 igitur
472 567 673 624 Philippo
715 567 938 609 substituit
976 567 1329 610 Eudaemonem.
1387 570 1488 611 Dux

60 648 217 682 ²2erat
258 640 497 683 Thracum.
557 640 751 681 Abisaris
786 653 970 696 regnum
1018 638 1107 680 filio
1151 639 1242 681 eius
1275 641 1489 685 attribuit.

202 741 400 782 Ventum
444 747 508 782 est
547 740 706 782 deinde
735 738 1021 796 Persagada.²
1077 740 1249 782 Persica
1285 749 1349 783 est
1372 757 1487 798 gens,

126 810 247 853 cuius
275 820 468 870 satrapes
499 812 681 855 Orsines
713 818 817 863 erat,
848 811 1078 854 nobilitate
1109 827 1159 854 ac
1191 813 1347 855 divitiis
1375 814 1490 854 inter

62 895 109 924 23
126 898 280 926 omnes
315 885 528 926 barbaros
560 885 770 926 eminens.
846 883 998 927 Genus
1041 885 1233 927 ducebat
1282 900 1305 926 a
1353 884 1489 943 Cyro,

124 957 352 1013 quondam
378 973 478 1013 rege
497 958 753 1006 Persarum3
788 971 894 1014 opes
913 964 957 998 et
987 972 1011 999 a
1040 957 1282 999 maioribus
1307 957 1489 998 traditas

125 1027 331 1080 habebat,
371 1037 414 1071 et
452 1030 543 1086 ipse
581 1029 707 1086 longa
739 1028 909 1084 imperii
939 1029 1210 1085 possessione
1243 1029 1492 1071 cumulave-

61 1113 111 1138 24
126 1108 206 1142 rat.
266 1103 305 1143 Is
333 1102 421 1158 regi
461 1118 563 1144 cum
598 1100 742 1143 omnis
780 1101 948 1155 generis
988 1100 1126 1151 donis,
1156 1115 1248 1141 non
1289 1100 1369 1157 ipsi
1397 1116 1493 1142 mo-

125 1174 183 1214 do
215 1189 276 1223 ea,
307 1174 382 1215 sed
413 1175 546 1215 etiam
576 1172 727 1214 amicis
757 1172 846 1213 eius
868 1172 1059 1222 daturus,
1092 1172 1298 1214 occurrit.
1343 1173 1494 1230 Equo-

122 1260 223 1286 rum
257 1245 411 1287 domiti
443 1260 588 1302 greges
617 1244 928 1300 sequebantur,
960 1258 1200 1300 currusque
1233 1253 1414 1301 argento
1449 1253 1493 1287 et

123 1332 230 1358 auro
262 1317 475 1366 adornati,
511 1315 702 1372 pretiosa
739 1315 955 1372 supellex,
995 1322 1039 1357 et
1079 1315 1248 1357 nobiles
1277 1331 1492 1374 gemmae,

124 1403 254 1430 aurea
302 1387 449 1445 magni
488 1388 696 1444 ponderis
739 1403 851 1439 vasa,
889 1395 1114 1445 vestesque
1152 1403 1416 1445 purpureae,
1451 1396 1495 1430 et

62 1473 108 1500 25
127 1460 280 1516 signati
311 1460 477 1516 argenti
516 1459 732 1502 talentum
766 1461 884 1502 tria³
929 1460 1062 1504 milia.
1121 1459 1336 1502 Ceterum
1367 1467 1492 1502 tanta

126 1531 370 1588 benignitas
416 1532 607 1574 barbaro
659 1548 787 1576 causa
837 1533 994 1575 mortis
1038 1532 1136 1577 fuit.
1225 1534 1342 1574 Nam
1390 1548 1493 1574 cum

127 1618 281 1645 omnes
321 1603 486 1646 amicos
518 1605 629 1662 regis
669 1605 794 1646 donis
826 1620 957 1661 super
981 1605 1180 1662 ipsorum
1208 1611 1310 1646 vota
1340 1604 1494 1646 coluis-

124 1682 202 1726 set,
243 1676 418 1732 Bagoae
455 1675 652 1731 spadoni,
692 1677 765 1734 qui
803 1677 1102 1718 Alexandrum
1142 1676 1354 1734 obsequio
1398 1668 1496 1719 cor-

59 1759 110 1788 26
125 1747 244 1804 poris
281 1747 532 1788 devinxerat
573 1748 666 1798 sibi,
706 1749 876 1790 nullum
916 1742 1137 1790 horiorem
1175 1749 1342 1793 habuit.
1406 1749 1495 1790 Ad-

125 1819 405 1876 monitusque
444 1835 468 1860 a
510 1820 795 1876 quibusdam,
838 1837 972 1878 quam
1001 1821 1248 1864 Alexandro
1280 1821 1404 1863 cordi
1432 1836 1494 1863 es-

125 1898 201 1941 set,
229 1891 469 1947 respondit,
502 1892 668 1934 amicos
697 1893 820 1950 regiS‚
850 1908 940 1934 non
973 1901 1117 1935 scorta
1147 1909 1191 1935 se
1219 1893 1375 1944 colere,
1409 1909 1492 1935 nec

125 1963 261 2004 moris
293 1977 383 2004 esse
413 1963 564 2011 Persis,
593 1979 737 2006 mares
769 1966 942 2016 ducere,
976 1966 1050 2024 qui
1082 1974 1234 2023 stupro
1267 1964 1495 2006 effemina-

62 2053 108 2078 27
128 2042 295 2077 rentur.
363 2034 440 2076 His
480 2036 635 2077 auditis
675 2037 811 2094 spado
845 2038 1115 2092 potentiam,
1156 2036 1319 2094 flagitio
1348 2044 1392 2078 et
1422 2036 1494 2077 de-

127 2109 288 2150 decore
333 2107 593 2165 quaesitam,
643 2108 691 2149 in
743 2116 875 2165 caput
918 2109 1177 2151 nobilissimi
1219 2117 1264 2150 et
1308 2108 1493 2150 insontis

127 2180 330 2223 exercuit.
403 2179 608 2236 Namque
659 2181 797 2236 gentis
848 2181 1044 2223 eiusdem
1092 2181 1330 2223 levissimos
1375 2180 1492 2222 falsis

128 2253 385 2294 criminibus
416 2251 638 2302 adstruxit,
670 2253 864 2295 monitos
893 2261 991 2295 tum
1019 2253 1201 2295 demum
1230 2269 1279 2294 ea
1309 2252 1492 2304 deferre,

72 2337 118 2364 28
136 2339 238 2365 cum
256 2324 346 2381 ipse
374 2323 574 2369 iussisset.
615 2325 800 2366 Interim
823 2326 1026 2382 quotiens
1058 2326 1150 2367 sine
1180 2325 1354 2367 arbitris
1386 2332 1493 2376 erat,

131 2394 327 2436 credulas
372 2396 482 2453 regis
532 2412 657 2438 aures
705 2397 939 2455 implebat,
993 2398 1267 2440 dissimulans
1314 2413 1492 2440 causam

61 2467 230 2516 wirae,
268 2482 355 2523 quo
392 2469 564 2525 gravior
600 2469 871 2512 criminantis
906 2471 1145 2514 auctoritas
1181 2477 1305 2512 esset.
1368 2470 1493 2512 Non-

130 2603 146 2626 1
172 2602 381 2637 Abisatem.
582 2606 604 2632 2
626 2607 867 2654 Persagadas.
1071 2606 1091 2638 3
1111 2613 1287 2654 quatuor.
