1703 2961
264 119 315 162 42
707 118 762 172 Q.-
796 117 998 172 CURTn
1026 119 1166 162 num

262 231 328 267 sed
352 231 399 264 ab
426 229 643 264 Aristandro
670 235 752 262 vate
780 229 987 273 deterritus,
1016 231 1221 265 exercitum
1244 234 1391 280 recipit.
1432 236 1515 280 (27)
1528 235 1605 282 Op-

261 293 395 340 pidani
434 299 645 337 erumpunt,
683 301 810 336 pugna
851 290 952 324 facta
993 293 1206 327 Alexander
1238 295 1468 330 vulneratur.
1528 298 1609 341 (28)

261 354 435 388 Tandem
480 353 630 395 urbem,
674 352 830 385 subruto
873 363 993 391 muro.
1035 354 1268 389 Macedones
1310 356 1466 399 intrant,
1504 357 1605 392 Betis

258 415 481 461 praefectus,
515 414 661 460 egregia
696 424 822 458 pugna
852 413 963 453 edita,
989 422 1118 461 captus
1142 417 1332 462 supplicio
1358 417 1500 452 crudeli
1525 418 1605 453 affi-

259 477 367 510 citur.

302 538 381 583 (29)
406 537 578 583 Septimo
607 535 668 568 die
695 534 798 567 Gaza
822 534 1012 580 profectus
1040 538 1085 571 ad
1113 536 1207 571 fines
1234 539 1391 584 Aegypti
1418 542 1602 585 pervenit.

256 601 303 634 Et
336 599 488 633 incolae
530 604 566 630 et
609 595 798 642 praesidia
835 595 984 631 Persica
1020 599 1099 632 eius
1128 598 1219 633 fidei
1251 612 1330 634 sese
1366 602 1602 646 permittunt.

254 661 345 694 Nilo
386 659 584 693 subvectus
626 657 806 691 interiora
846 659 1010 704 regionis
1057 661 1264 704 perlustrat,
1304 673 1467 708 cumque
1505 664 1603 697 lovis

255 720 482 754 Hammonis
510 719 694 764 templum
723 718 825 752 adire
860 721 1059 763 statuisset,
1091 722 1174 767 (30)
1207 724 1373 757 secundo
1411 735 1522 758 amne
1556 725 1604 758 ad

253 783 446 816 Mareotin
476 780 673 814 descendit
706 787 741 812 et
764 791 832 826 per
856 781 1079 816 solitudines
1108 785 1268 818 molesto
1295 785 1429 818 itinere
1455 784 1604 830 (media

254 844 378 877 hieme
407 844 502 875 anni
535 843 649 885 incip.
686 844 751 876 331
780 854 806 874 a
830 842 942 886 Chr.)
968 844 1016 876 ad
1043 844 1173 878 sedem
1200 845 1261 878 dei
1286 852 1474 890 penetrat.
1519 846 1602 890 (31)

253 904 493 938 Describitur
528 913 571 936 ea
606 903 708 946 regio
734 909 770 935 et
791 914 938 936 sacrum
970 915 1115 939 nemus.
1166 906 1248 950 (32)
1270 907 1482 941 Alexander
1505 907 1604 941 Iovis

251 963 352 999 filius
379 965 426 998 ab
456 963 611 998 oraculo
639 963 863 1010 appellatur,
890 971 927 998 et
949 965 1080 1000 divino
1104 966 1255 1001 honore
1281 968 1358 1002 coli
1381 978 1421 1002 se
1446 969 1601 1014 patitur.

253 1027 336 1072 (33)
368 1027 413 1060 1η
446 1026 655 1071 Aegyptum
697 1035 863 1058 reversus
897 1026 1166 1061 Alexandriam
1202 1028 1350 1072 condit,
1388 1029 1603 1075 Memphim

250 1087 359 1133 petit,
387 1098 444 1121 res
468 1086 626 1132 Aegypti
653 1086 863 1131 componit.

298 1146 381 1192 (3-4)
408 1148 502 1181 lude
527 1147 700 1180 adversus
730 1146 888 1179 Darium
917 1146 1160 1192 proficiscens
1189 1151 1418 1195 (incipiente
1435 1163 1521 1185 vere
1536 1165 1606 1185 an-

251 1213 295 1244 m'
317 1209 406 1252 331)
439 1209 488 1242 ob
521 1207 694 1241 Hectoris
730 1215 890 1240 mortem
923 1208 1058 1243 dolore
1084 1209 1259 1244 afficitur.
1321 1211 1524 1244 Samaritas
1562 1213 1604 1245 in

253 1271 363 1316 Syria
388 1270 488 1303 male
513 1276 688 1316 parentes
715 1268 921 1311 ulciscitur,
949 1270 1084 1317 (lyr-i)
1113 1271 1160 1305 de
1185 1272 1381 1317 postulatis
1413 1273 1604 1306 sociorum

249 1332 487 1366 Graecorum
511 1330 650 1364 statuit.
695 1330 778 1374 (35)
805 1330 941 1370 Darius
966 1333 1094 1377 copias
1120 1333 1317 1377 Babylone
1343 1334 1520 1368 collectas
1544 1334 1601 1368 in-

249 1395 360 1427 struit
386 1405 430 1427 ae
457 1393 659 1438 diligenter
684 1398 814 1432 armat,
862 1392 943 1437 (ὀὸ)
970 1403 1039 1438 per
1054 1393 1372 1439 Mesopotamiam
1395 1394 1601 1440 profectus.

251 1455 355 1498 Tigri
389 1461 586 1499 superato,
620 1453 764 1487 Arbelis
798 1453 1073 1498 impedimenta
1102 1455 1303 1500 relinquit.
1337 1457 1468 1490 locum
1500 1463 1602 1490 trans

249 1516 395 1560 Lycum
427 1526 578 1548 amnem
606 1524 727 1559 prope
762 1514 921 1547 alterum
950 1525 1101 1548 amnem
1135 1516 1351 1550 Bumadum
1391 1517 1604 1563 (vicumque

254 1576 515 1622 Gaugamela)
550 1575 699 1622 proelio
732 1575 968 1620 aptissimum
997 1575 1110 1621 legit,
1144 1584 1332 1622 equestres
1375 1579 1504 1624 copias
1534 1577 1605 1611 ho-

248 1639 364 1672 stium
385 1637 527 1681 agmini
555 1637 699 1670 obiicit.
748 1636 825 1680 (37)
859 1636 1071 1670 Alexander
1109 1649 1194 1670 cum
1228 1638 1449 1684 Euphraten
1485 1645 1602 1684 ponte

250 1699 459 1732 traiecisset
485 1696 633 1741 (media
656 1698 840 1739 aestate),
864 1697 1021 1731 Mazaeo
1041 1698 1386 1743 Persicilequitatus
1407 1687 1600 1744 praefecto

249 1760 380 1806 fugato
405 1759 453 1792 ad
479 1758 623 1804 Tigrim
650 1759 832 1804 pervenit,
879 1758 961 1803 (38)
996 1770 1157 1804 eumque
1192 1760 1353 1793 feliciter
1387 1760 1510 1794 audax
1538 1771 1603 1793 ne-

249 1823 354 1855 mine
378 1820 607 1866 prohibente
633 1820 736 1852 vadis
760 1827 921 1864 superat.
968 1820 1048 1862 (39)
1076 1822 1172 1854 Cum
1197 1821 1251 1854 ibi
1277 1821 1409 1854 stativa
1430 1820 1601 1862 haberet,

249 1886 341 1918 luna
367 1881 544 1916 deficiens
571 1880 717 1913 animos
744 1880 1003 1914 Macedonum
1027 1883 1170 1924 terruit,
1207 1893 1317 1927 quem
1342 1889 1485 1915 metum
1513 1893 1600 1916 cum

249 1953 377 1979 vatum
398 1940 785 1990 interpretationead
816 1948 962 1987 tempus
1002 1951 1088 1988 apta
1124 1943 1365 1984 discussisset,
1412 1941 1494 1987 (s'tO)
1535 1943 1600 1976 ad-

249 2017 374 2040 versus
409 2005 568 2038 Darium
602 2003 727 2043 duxit,
762 2002 958 2036 Persarum
994 2005 1138 2049 equites
1173 2005 1400 2050 refugientes
1437 2011 1473 2037 et
1497 2005 1598 2038 vicos

249 2067 499 2102 incendentes
533 2074 776 2111 persequens.
835 2061 916 2108 (lit)
956 2065 1000 2097 ln
1041 2066 1109 2099 illo
1144 2066 1279 2099 itinere
1310 2067 1418 2100 Darii
1453 2065 1600 2111 captiva

250 2130 419 2163 coniunx
458 2134 606 2160 mortua
639 2132 712 2167 est,
754 2125 908 2170 lugente
952 2126 1178 2161 Alexandro.
1245 2125 1327 2173 (42)
1375 2127 1597 2174 Spadonum

249 2202 347 2223 unus
373 2190 412 2222 id
435 2189 579 2222 factum
608 2187 726 2220 Dario
754 2187 955 2228 nuntiavit,
981 2198 1025 2220 ac
1051 2190 1286 2234 suspiciones
1313 2189 1408 2233 regis
1427 2189 1473 2222 de
1499 2187 1597 2221 male

248 2251 384 2285 habita
415 2259 534 2282 uxore
567 2247 735 2289 sustulit;
772 2244 854 2292 (43)
889 2259 1008 2294 eaque
1039 2251 1323 2296 opportunitate
1347 2261 1433 2283 usus
1460 2250 1596 2283 Darius

250 2313 378 2346 denuo
405 2311 548 2357 legatos
574 2309 621 2343 de
646 2321 741 2355 pace
767 2310 880 2353 misit,
905 2318 1019 2344 terras
1046 2322 1164 2357 usque
1203 2311 1250 2344 ad
1276 2311 1496 2357 Euphraten
1527 2322 1596 2357 pro

251 2375 339 2408 dote
363 2371 466 2406 filiae
493 2371 669 2405 offerens
719 2368 800 2416 (tlz't)
830 2372 1031 2407 Consuluit
1062 2384 1106 2406 ea
1133 2372 1179 2405 de
1202 2383 1242 2406 re
1269 2372 1479 2406 Alexander
1506 2373 1596 2405 ami-

252 2448 329 2479 cos,
352 2435 418 2469 sed
441 2433 706 2468 Parmenionis
735 2434 896 2468 consilio
923 2441 1060 2482 spreto,
1084 2434 1188 2467 bello
1217 2445 1312 2480 opus
1337 2445 1416 2468 esse
1442 2444 1594 2479 respon-

252 2497 319 2530 dit.
369 2493 451 2541 (45)
483 2495 636 2528 Instruit
664 2494 799 2528 Darius
825 2496 946 2530 aciem
972 2496 1205 2542 paulumque
1231 2507 1444 2541 progressus
1469 2494 1595 2528 hostes

252 2565 436 2604 expectat.
485 2554 566 2599 (Ιώ)
593 2556 820 2590 Macedones
847 2557 991 2591 subitus
1021 2568 1137 2603 pavor
1162 2557 1327 2600 invadit;
1366 2556 1503 2590 collem
1530 2566 1594 2599 op-

251 2626 458 2666 portunum
510 2624 717 2665 occupant,
769 2619 835 2654 sed
889 2631 910 2654 a
953 2630 1039 2665 rege
1096 2619 1194 2653 intra
1244 2624 1362 2653 castra
1406 2621 1593 2651 tenentur.
