1703 2961
418 131 499 173 DE
526 128 733 172 GESTIS
763 111 933 171 Anax.
958 125 1071 175 vm,
1104 123 1168 164 19.
1388 119 1469 165 267

125 244 320 306 profecto
346 262 439 289 vox
464 245 711 299 responsuri
747 243 832 284 tibi
859 241 1197 281 desideraretur:
1227 237 1322 289 ipse
1360 235 1471 274 enim

120 332 299 374 peteret,
342 337 392 360 ne
433 322 478 361 in
513 319 763 373 peregrinos
797 325 1079 367 externosque
1103 315 1114 335 ¹
1152 312 1265 350 ritus
1297 309 1471 359 degene-

121 410 216 434 rare
246 411 291 434 se
317 409 500 447 cogeres,
542 406 620 433 neu
651 390 772 430 rebus
789 385 1055 445 felicissime
1085 384 1223 437 gestis
1252 382 1470 420 invidiam

65 469 207 507 ‹scali
243 469 493 508 adulacione
532 465 817 506 contraheres.
884 461 970 501 Sed
999 459 1199 512 quoniam
1228 454 1359 499 abest,
1391 467 1469 504 ego

123 542 208 582 tibi
241 557 321 596 pro
362 541 438 581 illo
478 539 736 592 respondeo,
775 534 933 574 nullum
975 549 1064 573 esse
1102 529 1278 570 eundem
1308 535 1353 565 et
1379 526 1471 564 diu-

122 625 291 655 turnum
331 623 376 654 et
415 626 694 667 praecoquem
727 606 935 664 fructum,
977 604 1260 655 coelestesque
1291 599 1472 638 honores

121 704 204 729 non
234 690 337 728 dare
372 697 415 726 te
450 687 556 738 regi,
596 685 673 724 secl
697 677 879 740 auferre.
945 676 1184 719 Intervallo
1223 674 1334 712 enim
1360 685 1470 724 opus

122 771 197 810 est,
226 771 276 802 ut
305 761 505 801 credatur
534 760 649 806 deus,
679 767 926 808 semperque
953 753 1061 790 lzanc
1085 749 1276 802 gratiam
1302 743 1472 796 magnis

61 837 103 867 ¹6
120 837 234 875 viris
262 835 433 888 posteri
470 833 669 873 reddunt.
732 831 831 881 Ego
868 835 1010 866 autem
1048 837 1186 862 seram
1219 816 1471 858 immortali-

121 918 255 948 tatem
292 922 446 961 precor
480 908 586 960 regi,
624 914 674 944 ut
712 903 789 942 ec²
830 886 930 940 vita
973 898 1181 936 diuturna
1216 894 1291 939 sit,
1327 899 1370 930 et
1408 904 1472 928 ae-

120 991 241 1022 terna
271 982 488 1021 maiestas.
541 978 769 1020 Hominem
798 973 1071 1026 consequitur
1099 965 1342 1022 aliquando,
1373 977 1474 1003 nun-

61 1069 247 1110 17quam
290 1055 527 1095 comitatur
576 1051 808 1090 divinitas.
873 1043 1097 1084 Herculem
1144 1040 1270 1080 modo
1309 1046 1354 1076 ec
1388 1036 1474 1075 Pa-

119 1137 227 1167 trem
257 1126 460 1165 Liberum
498 1131 768 1164 consecratae
809 1115 1160 1158 immortalitatis
1186 1110 1383 1163 exempla
1413 1123 1473 1147 re·

109 1198 297 1257 ferebas.
374 1199 577 1240 Credisne
614 1195 714 1235 illos
755 1193 880 1232 unius
915 1188 1113 1230 convivii
1158 1187 1329 1225 decreto
1370 1182 1474 1221 deos

107 1269 296 1330 factos?
328 1265 459 1312 Prius
489 1270 540 1310 ab
572 1268 707 1309 oculis
737 1264 985 1305 mortalium
1012 1259 1194 1300 amolita
1218 1266 1375 1297 natura
1393 1262 1473 1299 est,

64 1355 104 1382 ¹8
123 1361 250 1400 quam
279 1347 325 1385 in
363 1345 522 1386 coelum
552 1339 678 1399 fama
709 1324 974 1394 perveheret.
1034 1333 1211 1373 Scilicet
1238 1339 1316 1383 ego
1346 1337 1390 1368 et
1412 1337 1472 1375 tu,

125 1419 240 1467 Cleo,
278 1418 381 1457 deos
409 1414 634 1474 facimus!
661 1429 687 1453 a
720 1412 842 1453 nobis
872 1407 1131 1449 divinitatis
1158 1419 1258 1444 suae
1286 1401 1474 1442 auctori-

121 1502 256 1533 tatem
295 1500 549 1542 accepturus
587 1496 654 1527 est
695 1487 800 1525 rex!
835 1482 1077 1537 potentiam
1121 1487 1241 1518 tuam
1282 1473 1476 1529 experiri

121 1560 351 1620 libettsac
392 1564 577 1617 aliquem
612 1574 768 1612 regem,
806 1558 848 1596 si
875 1554 994 1594 deum
1023 1561 1150 1606 potes
1165 1546 1336 1608 facere.
1397 1549 1475 1586 Fa-

62 1644 107 1674 19
123 1639 249 1678 cilius
279 1646 345 1676 est
377 1634 567 1676 coelum³
612 1633 730 1680 dare,
768 1645 895 1685 quam
925 1625 1201 1679 imperiumst
1260 1622 1352 1662 Dii
1378 1633 1478 1673 pro-

121 1712 232 1765 pitii
259 1711 352 1750 sine
381 1708 570 1754 invidia,
609 1719 718 1760 quae
756 1703 856 1743 Cleo
887 1700 1022 1747 dixit,
1051 1697 1283 1743 audierint,
1313 1695 1476 1734 eodem-

123 1799 202 1838 que
233 1797 367 1828 cursu,
399 1795 480 1836 quo
496 1776 674 1836 fluxere
702 1776 870 1817 adhuc⁵
906 1788 987 1819 res,
1017 1773 1080 1811 ire
1099 1771 1343 1824 patiantur.
1386 1757 1477 1807 No-

124 1858 232 1897 stris
269 1854 457 1896 moriI7us
491 1853 634 1891 velint
666 1865 744 1890 nos
780 1864 870 1888 esse
907 1854 1142 1887 contentos.
1211 1845 1315 1883 Non
1341 1840 1479 1893 pudet

123 1929 312 1983 patriae,
347 1942 422 1968 nee
458 1925 672 1970 desidero,
703 1923 764 1962 ad
799 1935 919 1977 quem
959 1918 1130 1958 modum
1169 1931 1247 1955 rex
1277 1915 1384 1954 mihi
1413 1925 1478 1952 co·

126 2001 276 2041 landus
306 2001 379 2047 sit,
413 2000 590 2038 discere.
665 1996 784 2059 Quos
821 1993 1014 2048 equidem
1045 1991 1235 2030 victores
1263 2002 1354 2026 esse
1385 1998 1478 2025 con-

115 2072 267 2131 fiteor,
299 2074 341 2112 si
367 2071 420 2111 ab
450 2071 540 2111 illis
571 2071 699 2122 leges,
727 2069 823 2122 quis
848 2068 1066 2112 vivamus,
1097 2063 1347 2114 accipimus.

67 2158 114 2182 20
209 2143 372 2200 Aequis
412 2142 588 2184 auribus
624 2138 909 2181 Callisthenes
938 2134 1067 2177 veluti
1096 2133 1252 2174 vindex
1279 2129 1478 2188 publicae
1490 2140 1544 2183 20

126 2215 337 2258 libertatis
381 2213 652 2255 audiebatur.
732 2211 1012 2267 Expresserat
1051 2221 1143 2248 non
1186 2204 1480 2246 assensionem

128 2289 277 2339 modo,
319 2286 395 2328 sed
431 2285 564 2327 etiam
595 2299 767 2330 vocem,
795 2282 1019 2324 seniorum
1048 2276 1294 2336 praecipue,
1323 2274 1481 2331 quibus

66 2376 112 2399 21
128 2359 266 2416 gravis
315 2364 409 2400 erat
458 2355 684 2398 inveterati
723 2354 858 2395 moris
907 2360 1081 2394 externa
1119 2347 1318 2391 mutatio.
1385 2345 1481 2387 Nec

131 2430 368 2488 quicquam
416 2444 586 2477 eorum,
635 2442 746 2485 quae
788 2425 977 2467 invicem
1013 2423 1174 2466 iactata
1220 2425 1367 2465 erant,
1407 2430 1482 2458 rex

133 2575 150 2599 ¹
175 2573 296 2610 abest.
457 2573 478 2600 2
505 2573 627 2611 abest,
801 2569 821 2601 3
850 2569 1067 2617 imperium.
1268 2563 1292 2594 4
1319 2560 1482 2595 coelum.

219 2628 240 2656 ⁵
263 2626 385 2664 abest.
