1703 2961
431 123 512 166 DE
537 121 745 166 GESTIS
770 121 937 164 ALEx.
969 120 1084 172 Vssl,
1109 120 1175 163 50.
1397 120 1477 166 297

129 241 235 291 petu
263 241 477 284 sternunt,
505 244 549 278 et
579 235 651 293 qui
676 241 876 275 rexerant
904 249 991 285 eos,
1020 234 1294 290 praecipitati
1323 235 1367 276 in
1398 242 1482 276 ter-

128 321 236 357 ram,
273 307 328 347 ab
366 307 467 362 ipsis
508 306 835 349 obterebantur.
905 308 1057 362 Itaque
1090 321 1305 361 pecorum
1341 307 1479 348 modo

126 378 262 434 magis
296 378 450 435 pavidi,
492 394 626 436 quam
664 376 821 427 infesti,
859 377 970 417 ultra
1005 376 1144 418 aciem
1184 377 1482 432 exigebantur3

66 456 228 490 '11cum
269 450 432 499 Porus,
467 450 697 492 destitutus
738 463 763 490 a
802 447 1021 504 pluribus,
1062 447 1147 488 tela
1191 449 1332 491 multo
1379 458 1481 490 ante

126 528 382 577 praeparata
427 521 470 561 in
521 520 811 562 circumfusos
861 536 913 561 ex
950 518 1184 575 elephanto
1218 536 1296 562 suo
1335 521 1482 578 coepit

126 591 334 648 ingerere,
374 592 609 648 multisque
650 592 817 633 eminus
847 591 1098 639 vulneratis,
1138 591 1354 647 expositus
1391 592 1480 647 ipse

64 675 109 703 32
123 663 177 703 ad
203 663 314 705 ictus
344 664 536 720 undique
565 664 805 720 petebatur.
853 665 1025 705 Novem
1051 663 1139 702 iam
1166 663 1342 704 vulnera
1376 664 1479 705 hinc

125 741 268 790 tergo,
317 735 431 777 illinc
479 743 660 792 pectore
711 742 961 792 exceperat,
1010 734 1238 791 multoque
1273 735 1480 791 sanguine

122 807 305 862 profuso
346 806 560 863 languidis
589 807 791 848 manibus
819 807 954 864 magis
985 807 1140 863 elapsa,
1170 821 1304 863 quam
1337 822 1482 848 excus-

67 889 113 918 33
129 894 172 919 sa
203 878 290 920 tela
319 878 538 920 mittebat.
605 879 699 920 Nec
739 879 906 935 segnius
943 879 1082 928 belua,
1115 878 1319 920 instincta
1344 879 1479 929 rabie,

121 950 323 991 nondum
364 950 510 993 saucia
550 950 839 991 invehebatur
877 951 1124 1001 ordinibu53
1165 950 1306 991 donee
1335 958 1481 992 rector

122 1021 276 1063 beluae
304 1037 451 1078 regem
481 1021 705 1076 conspexit
732 1021 966 1062 fluentibus
994 1022 1205 1064 membris
1225 1021 1478 1078 omissisque

62 1106 106 1132 34
121 1094 251 1134 armis
280 1094 348 1134 vix
377 1101 635 1150 compotem
662 1093 835 1134 mentis.
905 1093 1021 1133 Turn
1050 1093 1226 1134 beluam
1254 1092 1300 1133 in
1329 1092 1480 1149 fugam

122 1165 330 1212 concitat,
361 1171 570 1221 sequente
605 1164 878 1205 Alexandro:
916 1165 991 1206 sed
1032 1180 1167 1222 equus
1211 1164 1300 1205 eius
1332 1166 1481 1207 multis

121 1236 372 1277 vulneribus
412 1236 638 1278 confossus
690 1235 981 1292 deficiensque
1030 1236 1287 1293 procubuit,
1333 1238 1478 1293 posito

121 1308 256 1364 magis
281 1323 392 1363 rege,
433 1323 565 1364 quam
597 1307 749 1349 effuso.
806 1310 957 1365 ltaque
990 1309 1095 1350 dum
1127 1326 1286 1367 equum
1322 1322 1479 1363 mutat,

58 1392 100 1419 35
124 1380 285 1420 tardius
311 1380 530 1421 insecutus
561 1388 632 1421 est.
695 1380 877 1421 Interim
908 1380 1044 1422 frater
1074 1383 1242 1436 Taxilis,
1275 1387 1384 1442 regis
1416 1389 1481 1428 In-

121 1453 292 1500 dorum,
331 1452 592 1508 praemissus
630 1453 683 1492 ab
714 1452 978 1502 Alexandro,
1011 1469 1194 1498 monere
1226 1459 1371 1515 coepit
1400 1460 1479 1501 Po-

118 1539 231 1571 rum,
271 1540 325 1564 ne
366 1524 520 1565 ultima
562 1524 743 1580 experiri
779 1535 1100 1580 perseveraret,
1139 1530 1406 1586 dederetque
1433 1547 1478 1572 se

58 1596 286 1643 36victori.
335 1597 396 1636 At
422 1596 504 1644 ille,
538 1611 810 1652 quamquam
840 1595 1072 1639 exhaustae
1100 1609 1224 1642 erant
1253 1603 1375 1651 vires,
1408 1603 1479 1644 de-

118 1668 377 1725 ficiebatque
412 1666 595 1723 sangui8‚
634 1674 784 1708 tamen
815 1668 869 1708 ad
897 1676 1052 1710 notam
1083 1687 1239 1714 vocem
1271 1663 1490 1716 excitatus-

117 1743 330 1794 Agnosco,
361 1738 515 1796 inquit,
552 1741 721 1780 Taxilis
736 1737 945 1798 fratrem,
976 1744 1152 1796 imperii
1177 1749 1380 1802 regnique
1408 1751 1479 1788 sui

116 1815 382 1868 proditoris:
403 1815 416 1835 1
464 1819 507 1852 et
536 1812 685 1861 telum,
719 1813 838 1868 quod
868 1829 1007 1853 unum
1033 1815 1148 1857 forte
1181 1834 1272 1859 non
1304 1818 1479 1861 effluxe-

116 1892 197 1934 rat,
236 1882 450 1926 contorsit
489 1883 534 1924 in
568 1898 691 1923 eum:
729 1884 849 1940 quod
887 1900 967 1940 per
996 1888 1193 1929 medium
1222 1897 1376 1945 pectus
1406 1907 1478 1947 pe-

57 1956 306 2004 37netravit
336 1955 391 1996 ad
422 1961 608 2010 tergum.
667 1956 765 1997 Hoc
799 1956 954 1998 ultimo
980 1958 1150 2001 virtutis
1179 1977 1311 2017 opere
1345 1963 1476 2013 edito,

115 2027 267 2084 fugere
298 2027 439 2068 acrius
471 2026 636 2083 coepit:
665 2027 740 2069 sed
765 2026 1021 2082 elephantus
1051 2046 1241 2088 quoque,
1273 2034 1345 2090 qui
1368 2035 1478 2076 mul-

115 2108 159 2141 ta
192 2105 420 2154 exceperat
458 2098 556 2147 tela,
587 2098 830 2143 deficiebat.
890 2102 1045 2157 Itaque
1076 2103 1185 2144 sistit
1214 2103 1376 2160 fugam,
1404 2123 1478 2161 pe-

56 2191 102 2221 38
118 2171 341 2228 ditemque
373 2171 570 2227 sequenti
595 2170 708 2211 hosti
746 2170 918 2213 obiecit.
977 2175 1071 2215 Iam
1101 2176 1345 2217 Alexander
1373 2195 1477 2220 con-

117 2251 290 2285 secutus
324 2250 428 2292 erat,
465 2250 521 2290 et,
559 2242 798 2299 pertinacia
839 2244 941 2285 Pori
979 2247 1166 2302 cognita,
1206 2249 1383 2290 vetabat
1411 2266 1478 2292 re-

115 2314 365 2356 sistentibus
409 2315 546 2371 parci.
612 2315 730 2370 Ergo
765 2315 958 2372 undique
994 2324 1037 2358 et
1066 2317 1111 2358 in
1148 2320 1316 2375 pedites
1343 2329 1387 2363 et
1429 2324 1476 2366 in

115 2385 258 2441 ipsum
289 2385 453 2427 Porum
484 2386 568 2428 tela
596 2394 798 2442 congesta
831 2395 949 2428 sunt:
995 2388 1088 2445 quis
1118 2392 1298 2434 tandem
1328 2409 1503 2450 grava-ff

52 2474 99 2506 39
117 2465 186 2498 tus
211 2457 299 2499 labi
334 2473 385 2500 ex
419 2457 549 2500 belua
592 2458 752 2515 coepit,
814 2459 964 2507 Indus,
994 2461 1067 2517 qui
1094 2461 1378 2519 elephantum
1409 2482 1475 2510 re-

113 2616 131 2639 1
162 2615 414 2661 proditorem.
