1703 2961
429 132 510 175 DE
544 132 950 184 GES'1‘18·ALEX.
977 143 1049 194 VI,
1075 146 1140 188 25.
1399 153 1476 200 177

118 255 254 283 mum?
269 245 458 286 aversari
485 246 623 289 scelus
660 260 1013 305 perseverantem
1043 259 1199 300 mortis
1222 269 1350 303 metu
1393 271 1475 306 ter-

115 320 201 355 ret:
234 314 289 354 ab
331 315 402 357 illo
442 317 583 373 capite
624 322 876 364 coniuratos
911 325 1259 381 pulcherrimum
1299 333 1469 380 facinus

48 383 409 429 ninchoaturos.
482 389 597 431 Alias
634 391 792 434 deinde
827 394 1134 441 effeminatum
1174 409 1217 443 et
1248 406 1467 451 muliebri-

110 462 178 496 ter
224 457 455 509 timidum,
504 461 608 502 alias
659 465 936 519 proditorem
984 471 1194 514 amatoris
1231 478 1467 533 appellans,

107 541 227 568 nunc
271 528 459 585 ingentia
501 534 780 588 promittens,
804 538 1117 598 interdumque
1144 558 1328 600 regnum
1361 566 1466 608 quo-

106 613 202 654 que,
241 601 441 643 versabat
481 604 681 647 animum
704 614 843 651 -tanto
883 609 1082 654 facinore
1118 618 1273 669 procul
1305 622 1465 665 abhor-

40 684 88 710 η
102 677 287 715 rentem.
346 672 560 716 Strictum
595 677 752 720 deinde
779 681 971 737 gladium
1001 687 1138 728 modo
1172 689 1296 742 illius,
1325 696 1462 737 modo

102 756 180 783 suo
214 742 454 787 admovens
478 747 639 814 iugulo
671 751 849 807 supplex
879 755 998 798 idem
1023 764 1066 800 et
1095 759 1276 804 infestus
1296 781 1464 822 exprcs-
1503 770 1506 771 ⁷

104 813 160 855 sit
188 815 384 864 tandem,
427 825 475 859 ut
514 834 607 860 non
640 820 784 864 solum
822 826 1055 881 silentium,
1084 832 1161 874 sed
1194 835 1328 878 etiam
1359 854 1462 895 ope-

44 899 91 928 13
105 899 202 927 ram
241 886 537 943 pollicere'tur.
595 891 801 950 Namque
832 898 1008 942 abunde
1040 909 1283 949 constantis
1313 912 1461 962 animi,

103 964 148 998 et
181 957 334 1014 dignus
384 961 457 1016 qui
496 962 684 1018 pudicus
726 974 849 1015 esset,
880 972 986 1014 nihil
1018 989 1067 1015 ex
1094 976 1278 1031 pristina
1311 982 1461 1024 volun-

99 1035 190 1070 tate
229 1037 488 1080 mutaverat,
521 1034 595 1075 sed
637 1042 819 1091 captus'
865 1042 1018 1086 Dimni
1047 1061 1199 1090 amore
1227 1050 1461 1097 simulabat

40 1098 207 1142 :mihil
237 1116 452 1144 recusare.
511 1104 732 1149 Sciscitari
764 1109 866 1152 inde
896 1117 1047 1172 pergit,
1065 1135 1168 1161 cum
1185 1122 1342 1178 quibus
1367 1132 1461 1168 tan-

100 1180 170 1215 tae
199 1173 260 1215 rei
315 1174 571 1217 societatem
611 1178 783 1221 inisset:
817 1183 1058 1239 plurimum
1099 1192 1275 1245 referre,
1309 1198 1458 1252 quales

97 1244 178 1285 viri
219 1251 310 1285 tam
359 1249 637 1290 memorabili
680 1254 802 1308 operi
842 1257 1064 1303 admoturi
1103 1279 1260 1316 manus
1300 1277 1456 1314 essent.

35 1315 190 1364 isllle,
229 1323 275 1357 et
310 1331 462 1359 amore
512 1327 555 1361 et
591 1321 753 1365 scelere
792 1328 907 1369 male
947 1346 1087 1384 sanus,
1132 1337 1261 1378 simul
1297 1341 1456 1395 gratias

97 1388 193 1444 agit,
225 1385 355 1428 simul
398 1390 653 1444 gratulatur,
685 1398 807 1452 quod
836 1398 1095 1447 fortissimus
1125 1407 1331 1452 iuvenum
1363 1428 1455 1455 non

96 1453 336 1502 dubitasset
379 1475 423 1501 se
458 1462 728 1522 adiungere2
761 1469 1006 1524 Demetrio,
1037 1481 1236 1536 corporis
1268 1486 1451 1536 custodi,

93 1531 324 1582 Peucolao,
365 1532 588 1578 Nicanori.
678 1540 843 1583 Adiicit
884 1543 952 1587 his
990 1547 1332 1604 Aphoebetum‚
1357 1557 1453 1600 Ioc-

93 1619 209 1655 cum,
226 1605 242 1632 ³
275 1605 542 1654 Dioxenum,
569 1609 857 1668 Archepolim
887 1623 931 1657 et
955 1618 1210 1678 Amyntam.

29 1683 80 1714 16
146 1675 214 1716 Ab
250 1674 338 1718 hoc
371 1690 575 1721 sermone
608 1681 808 1726 dimissus
836 1686 1137 1736 Nicomachus
1165 1697 1220 1738 ad
1245 1698 1442 1752 fratrem,
1463 1707 1511 1747 26

91 1744 304 1789 Cebalino
337 1756 430 1790 erat
457 1766 639 1803 nomen,
682 1770 792 1812 quae
823 1771 1054 1817 acceperat
1085 1765 1237 1809 defert.
1286 1771 1447 1823 Placet,

89 1817 233 1874 ipsum
259 1819 488 1863 subsistere
525 1823 569 1865 in
594 1826 894 1881 tabernaculo,
934 1849 1004 1882 ne,
1035 1836 1068 1877 si
1099 1840 1265 1896 regiam
1296 1843 1448 1887 intras-

43 1899 54 1918 ·-
89 1897 165 1941 set,
199 1906 291 1933 non
330 1901 523 1936 assuetus
558 1896 677 1940 adire
713 1915 875 1957 regem,
919 1907 1136 1951 coniurati
1173 1915 1374 1968 proditos
1401 1933 1445 1959 se

29 1977 74 2005 17
89 1977 178 2004 esse
208 1963 506 2011 resciscerent.
566 1970 663 2023 Ipse
696 1970 935 2017 Cebalinus
967 1987 1069 2022 ante
1092 1984 1357 2028 vestibulum
1382 2004 1448 2030 re-

88 2034 194 2091 giae,
226 2051 369 2093 neque
409 2039 528 2080 enim
556 2041 738 2098 propius
768 2045 909 2088 aditus
937 2049 975 2090 ei
1010 2053 1201 2107 patebat,
1235 2059 1443 2112 consistit,

86 2106 318 2162 opperiens
346 2108 536 2166 aliquem
567 2113 814 2158 amicorum
846 2134 895 2161 ex
918 2121 1059 2177 prima
1090 2125 1323 2178 eohorte,4
1354 2148 1441 2190 quo

30 2177 446 2222 mintroduceretur
477 2183 530 2224 ad
564 2200 723 2242 regem.
767 2189 903 2233 Forte
936 2195 1088 2237 ceteris
1116 2198 1309 2252 dimissis,
1330 2219 1442 2246 unus

84 2248 287 2301 Philotas,
322 2252 623 2298 Parmenionis
662 2258 785 2312 filius,
826 2262 1047 2307 incertum
1085 2284 1219 2326 quam
1251 2274 1308 2315 ob
1342 2292 1442 2318 cau-

82 2334 188 2370 sam,
221 2323 473 2368 substiterat
510 2329 555 2370 in
593 2331 722 2388 regia.
788 2334 903 2378 Huic
945 2336 1189 2394 Cebalinus,
1227 2359 1302 2388 ore
1336 2364 1440 2392 con-

81 2390 179 2433 fuso
208 2407 390 2451 magnae
417 2401 764 2455 perturbationis
794 2414 921 2451 notas
947 2426 1052 2466 prae
1082 2429 1126 2456 se
1149 2414 1307 2469 ferens,
1340 2435 1438 2477 ape-

82 2575 100 2600 1
129 2577 202 2627 Sed
229 2589 274 2612 se
299 2588 464 2628 captum.
539 2604 542 2606 v
603 2584 623 2614 2
653 2591 824 2638 iungere,
959 2597 978 2627 3
1007 2599 1122 2634 Codd.
1149 2595 1318 2650 Ioceum,
1345 2606 1433 2646 edd.

168 2630 350 2670 Loceum.
440 2683 447 2688 κ
555 2643 576 2675 4
605 2654 649 2678 ex
674 2647 795 2692 prima
825 2649 983 2686 cohorte
1008 2655 1231 2692 amicorum.

1116 2717 1166 2759 M
