1703 2961
231 177 314 219 338
685 174 740 230 Q.
773 175 979 218 cur-'1¹11
1007 176 1147 218 mm

238 288 353 330 sicca
393 294 488 329 erat
533 287 673 343 regio,
714 286 806 343 ipse
837 303 940 329 cum
979 287 1118 345 copiis
1155 287 1370 340 substitit,
1417 305 1606 331 vernum

239 368 415 415 tempus
452 367 696 413 expectans.
765 359 948 400 Interim
987 367 1030 401 et
1071 359 1201 401 urbes
1244 360 1472 418 plerasque
1505 378 1609 405 con-

241 432 366 475 didit.
430 430 638 472 Nearcho
679 437 810 487 atque
843 431 1097 473 Onesicrito
1128 432 1334 474 nauticae
1368 433 1430 474 rei
1459 435 1611 490 peritis
1643 451 1662 478 3

239 503 485 560 imperavit,
514 510 563 543 ut
591 503 876 544 validissimas
906 503 1081 544 navium
1100 504 1372 546 deducerent
1404 505 1446 546 in
1474 505 1616 548 Ocea-

241 590 362 624 num,
404 574 708 631 progressique
749 575 894 630 quoad
931 582 1028 616 tuto
1058 583 1247 631 possent,
1285 584 1490 618 naturam
1522 593 1613 618 ma-

241 647 300 688 ris
335 654 588 688 noscerent:
626 646 692 687 vel
729 646 887 687 eodem
929 662 1072 695 amne,
1109 647 1177 687 vel
1209 647 1439 701 Euphrate
1466 649 1614 691 subire

249 734 323 760 eos
352 734 493 775 posse,
525 734 628 761 cum
661 718 819 759 reverti
852 718 907 759 ad
936 734 980 760 se
1009 718 1182 759 vellent.

180 824 234 865 39
326 821 510 877 Iamque
549 820 745 876 mitigata
785 817 943 867 hieme,
985 826 1028 859 et
1065 819 1260 869 navibus,
1301 836 1410 878 quae
1442 821 1668 867 inutiles'4

243 892 523 943 videbantur,
561 891 776 940 crematis,
820 898 935 931 terra
979 890 1169 931 ducebat
1210 894 1462 935 exercitum.
1524 896 1614 936 No·
1648 913 1664 938 s

245 964 312 1006 nis
342 965 491 1007 castris
528 964 573 1006 in
613 965 838 1021 regionem
868 963 1100 1012 Aboriton‚
1125 967 1136 987 ¹
1176 963 1277 1004 inde
1310 965 1499 1006 totidem
1529 966 1614 1006 die-

245 1038 328 1079 bus
358 1037 403 1078 in
443 1036 795 1079 Cedrosiorum²
838 1042 1102 1091 perventum
1145 1043 1220 1075 est.
1280 1036 1408 1077 Liber
1435 1036 1506 1078 hic
1540 1052 1616 1092 po-

246 1110 376 1166 pulus
416 1109 603 1150 concilio
634 1108 787 1148 habito
820 1107 987 1148 dedidit
1017 1123 1073 1157 se,
1113 1123 1194 1148 nec
1226 1108 1465 1165 quicquam
1499 1109 1617 1150 dedi-

246 1183 302 1223 tis
325 1190 499 1237 praeter
540 1187 816 1221 commeatus
857 1179 1126 1234 imperatum
1171 1185 1246 1219 est.
1310 1180 1479 1234 Quinto
1508 1180 1613 1222 hinc
1648 1195 1671 1223 6

247 1254 315 1296 die
343 1254 463 1294 venit
492 1252 546 1292 ad
588 1252 777 1292 flumen:
807 1251 1006 1292 Arabum
1039 1250 1208 1291 incolae
1242 1252 1474 1307 appellant.
1533 1253 1616 1293 Re-

246 1326 317 1382 gio
352 1325 522 1365 deserta
550 1331 593 1364 et
623 1338 837 1380 aquarum
867 1322 993 1378 inops
1025 1321 1205 1377 excipit:
1251 1338 1384 1378 quam
1417 1339 1617 1365 emensus

247 1398 293 1439 in
323 1397 501 1438 Horitas
532 1396 700 1437 transit.
760 1395 822 1436 lbi
852 1394 1069 1435 maiorem
1102 1393 1315 1434 exercitus
1338 1402 1511 1450 partem
1535 1397 1618 1436 He-

247 1468 495 1525 phaestioni
525 1468 719 1515 tradidit,
752 1467 893 1508 levem
922 1473 1194 1506 armaturam
1229 1481 1333 1506 cum
1357 1466 1615 1509 Ptolemaeo

1702 1339 1703 1358 i

1701 1398 1703 1430 i

247 1540 567 1596 Leonnatoque
607 1540 792 1596 partitus
832 1545 909 1579 est.
976 1537 1080 1578 Tria
1112 1537 1240 1577 simul
1275 1538 1445 1593 agmina
1478 1555 1617 1595 popu-
1650 1562 1667 1588 7

247 1613 457 1654 labantur
486 1612 630 1661 Indos,
676 1626 949 1667 magnaeque
989 1608 1180 1664 praedae
1224 1616 1348 1650 actae
1377 1617 1495 1651 sunt:
1527 1626 1618 1651 ma-
1701 1636 1703 1674 ι

246 1685 421 1726 ritimos
451 1683 747 1730 Ptolemaeus,
776 1691 946 1725 eeteros
974 1682 1062 1738 ipse
1096 1696 1181 1731 rex,
1224 1689 1267 1721 et
1296 1681 1349 1722 ab
1383 1683 1462 1723 alia
1492 1690 1616 1738 parte
1701 1677 1703 1716 Ι

246 1757 502 1797 Leonnatus
539 1756 738 1796 urebant.
808 1756 857 1795 In
896 1754 981 1795 hac
1023 1768 1200 1809 quoque
1247 1754 1425 1809 regione
1457 1755 1614 1796 urbem
1701 1733 1703 1777 !

249 1829 461 1877 condidit,
493 1827 758 1884 deductique
788 1833 889 1867 sunt
921 1826 965 1866 in
995 1840 1091 1866 eam
1125 1825 1368 1866 Arachosii.
1701 1834 1703 1843 ’

181 1899 237 1943 40
331 1900 447 1942 Hinc
487 1900 687 1956 pervenit
723 1899 777 1940 ad
803 1897 1050 1960 maritimos
1081 1897 1225 1938 Indos.
1283 1897 1518 1938 Desertam
1542 1914 1615 1939 vva·
1646 1919 1665 1945 5
1700 1898 1703 1947 i

244 1981 446 2029 stamque
487 1972 713 2027 regionem
753 1971 838 2011 late
879 1976 1050 2017 tenent,
1088 1984 1138 2010 ac
1182 1984 1235 2010 ne
1279 1985 1381 2011 cum
1420 1969 1614 2012 finitimis
1700 1969 1703 2004 ἵ

245 2045 426 2102 quidem
467 2044 552 2084 ullo
593 2041 848 2084 commercii
894 2041 986 2081 iure
1019 2040 1274 2082 miscentur.
1337 2043 1431 2098 Ipsa
1463 2043 1613 2083 solitu-
1644 2063 1665 2094 9
1701 2016 1703 2080 i

246 2117 302 2158 do
346 2124 500 2157 natura
539 2131 715 2172 quoque
753 2113 941 2155 immitia
982 2112 1179 2154 efferavit
1215 2112 1407 2169 ingenia:
1447 2116 1612 2170 promi·
1701 2107 1703 2156 i

241 2196 352 2230 nent
389 2203 554 2244 ungues
593 2201 822 2242 nunquam
858 2184 1001 2232 recisi;
1049 2200 1205 2227 comae
1248 2184 1440 2226 hirsutae
1473 2193 1515 2226 et
1547 2186 1611 2226 in-
1699 2171 1703 2245 i

240 2267 397 2301 tonsae
429 2267 543 2300 sunt.
603 2258 793 2314 Tuguria
827 2255 1008 2298 conchis
1048 2265 1090 2299 et
1121 2258 1276 2299 ceteris
1305 2258 1605 2314 purgamentis
1624 2280 1672 2304 10
1698 2254 1703 2312 ξ·

239 2331 374 2373 maris
407 2331 640 2372 instruunt.
696 2330 909 2371 Ferarum
932 2328 1117 2384 pellibus
1148 2330 1266 2380 tectI‚
1298 2327 1488 2384 piscibus
1517 2329 1608 2371 sole
1698 2318 1702 2329 ἱ

241 2402 422 2448 duratis,
460 2410 504 2443 et
543 2402 765 2443 maiorum
801 2416 978 2458 quoque
1014 2401 1268 2451 beluarum,
1310 2415 1417 2458 quas
1447 2400 1607 2443 fluctus
1699 2390 1702 2438 f

240 2475 414 2524 eiecit‚³
459 2490 590 2516 carne
626 2481 874 2515 vescuntur.
941 2471 1226 2528 Consumptis
1267 2472 1396 2528 igitur
1429 2471 1703 2534 alimen-11}¹

238 2547 303 2597 tis,
340 2547 612 2588 Macedones
649 2546 796 2602 primo
828 2544 1038 2599 inopiam,
1082 2544 1239 2585 deinde
1290 2544 1346 2586 ad
1397 2544 1602 2586 ultimum

1696 2600 1703 2718 i

1697 2722 1703 2761 1

233 2704 252 2728 1
280 2703 534 2738 Arabitarum.
671 2701 692 2728 2
719 2702 997 2737 Gedrosiorum
1022 2714 1040 2736 r
1053 2701 1163 2747 egio
1178 2713 1205 2735 n
1218 2712 1298 2736 em.
1436 2702 1457 2733 3
1483 2703 1603 2740 eiicit.

1694 2878 1703 2961 i
