1703 2961
254 139 321 169 xx
691 122 1158 170 PRAEFATIO.

255 259 356 306 que
398 245 661 288 Iunianam
706 246 936 306 cognovi,
982 247 1078 291 nisi
1118 261 1179 291 ex
1215 248 1516 293 variantium
1560 248 1631 293 le-

257 312 486 355 ctionum
536 308 736 366 libello,
799 325 952 370 quem
1002 326 1062 355 ex
1095 311 1375 357 hereditate
1415 316 1488 358 avi
1540 316 1631 370 sui,

255 375 509 436 philologi
564 374 824 434 quondam
868 376 1212 437 Erlangensis,
1262 390 1440 422 nactus
1480 377 1632 423 bene-

254 440 370 485 vole
405 455 608 484 mecum
645 443 1051 496 communicavit,
1091 456 1299 487 curante
1332 442 1631 488 Godosredo

255 504 526 559 Seebodi0‚
566 504 626 549 H.
657 506 931 562 Harlesius,
975 506 1286 552 Graecarum
1311 509 1629 553 Latinarum—

257 585 357 631 que
395 571 674 615 litterarum
697 572 749 615 in
782 573 1040 632 gymnasio
1070 572 1397 618 llersord‹·nsi
1435 573 1632 633 profes-

259 651 357 680 sor.
395 636 744 681 Veruntamen
774 652 839 681 ne
877 638 949 681 sic
982 637 1186 697 quidem
1215 637 1353 682 nuda
1379 637 1507 683 haec
1533 637 1632 684 edi-

257 702 328 746 tio
351 701 428 745 vel
452 700 766 746 doctioribus
789 703 978 746 inutilis
1005 704 1119 747 erit:
1155 720 1275 747 nam
1306 718 1520 764 operam
1549 703 1633 749 de-

257 765 437 820 dimus,
461 781 528 810 ne
551 765 673 825 quid
698 767 869 811 locum
894 769 1024 811 inter
1045 768 1196 813 verba
1218 770 1398 814 veteris
1418 770 1633 830 scripto-

258 833 325 876 ris
351 830 618 887 obtineret,
639 833 730 876 nisi
760 831 899 892 quod
931 832 1123 891 liquido
1147 835 1199 878 in
1223 833 1485 878 codicibus
1529 849 1633 879 ma-

254 898 533 957 nuscriptis
570 899 835 941 inventum
871 910 1014 953 esset,
1053 910 1101 943 et
1136 900 1175 943 si
1218 898 1340 959 quid
1374 901 1539 944 invitis
1576 899 1634 943 il-

254 961 316 1007 lis
353 960 728 1007 emendandum
774 961 884 1018 suit,
941 975 1147 1023 praeter
1200 965 1458 1026 vulgarem
1518 966 1635 1008 scri·

255 1039 459 1087 pturam
489 1029 640 1071 etiam
670 1026 793 1087 quid
824 1029 877 1071 in
909 1031 1118 1088 optimis
1145 1028 1406 1074 codicibus
1443 1029 1632 1090 legere-

257 1105 351 1147 tur,
385 1090 731 1148 indicavimus,
772 1104 826 1136 ut
860 1094 959 1137 iam
989 1096 1075 1152 qui
1115 1095 1373 1155 ingenium
1409 1096 1462 1138 in
1500 1109 1632 1138 ema·

257 1156 486 1202 culandis
522 1157 599 1201 his
635 1160 894 1202 vetustatis
928 1159 1159 1218 reliquiis
1191 1174 1430 1205 exercere
1465 1160 1632 1217 velint,

253 1221 477 1266 habeant
518 1238 620 1282 quo
658 1225 822 1268 securi
856 1235 1077 1270 utantur.

385 1288 636 1332 Tironum
673 1303 824 1332 causa
859 1304 992 1333 nova
1021 1289 1269 1334 librorum
1320 1301 1630 1350 argumenta,

253 1351 437 1412 quibus
472 1365 766 1413 temporum
808 1369 1017 1414 quoque
1060 1357 1352 1399 notationes
1401 1357 1629 1399 contine-

251 1430 440 1474 rentur,
480 1416 811 1474 consecimus,
850 1432 898 1463 et
922 1423 1166 1464 immensa
1196 1420 1282 1464 illa
1309 1421 1492 1480 capita,
1521 1420 1630 1480 qui-

249 1480 344 1528 bus
381 1485 542 1528 oratio
579 1498 765 1542 parum
800 1482 1140 1546 distinguitur,
1180 1487 1539 1540 contraximus,
1577 1496 1632 1530 ut

253 1560 302 1592 et
337 1547 435 1592 hac
471 1549 523 1592 in
559 1563 612 1592 re
641 1546 876 1593 ‘Cui-tiani
913 1549 964 1593 hi
1011 1549 1123 1593 libri
1163 1550 1372 1609 reliquis
1414 1551 1630 1610 scripto-

250 1611 404 1669 ribus,
447 1614 621 1673 quiin
656 1612 842 1657 scholis
885 1613 980 1674 legi
1016 1614 1197 1665 solent,
1247 1615 1514 1659 similiores
1557 1629 1629 1659 es-

251 1690 378 1734 sent,
419 1690 467 1723 et
505 1693 626 1723 vero
665 1679 818 1721 etiam
867 1679 980 1738 ipse
1030 1679 1321 1723 intellectus
1372 1679 1630 1724 adiuvare-

248 1755 343 1800 tur,
379 1743 515 1799 dum,
550 1758 680 1804 quae
704 1742 898 1788 diversa
935 1755 1106 1788 essent
1131 1757 1444 1806 argumento,
1482 1746 1631 1790 etiam

247 1809 411 1854 oculis
457 1808 885 1854 discernerentur.
955 1809 1194 1855 Veterem
1239 1822 1409 1855 tamen
1455 1808 1629 1855 distin-

245 1875 472 1919 ctionem
507 1876 561 1918 in
590 1875 816 1935 margine
853 1876 1093 1919 interiore
1129 1877 1450 1920 servavimus·
1527 1874 1626 1921 Ad-

247 1938 397 1986 ditvuri
452 1941 602 1984 etiam
662 1938 850 1984 suimus
907 1955 1156 2000 mappam
1215 1939 1627 2002 geographicam,

243 2006 532 2067 Bocagiana
555 2004 641 2050 illa
668 2004 810 2064 apud
834 2004 1221 2050 Santacrucium
1252 2018 1299 2050 et
1324 2006 1628 2063 Lemarium,

242 2072 578 2115 novissimum
622 2071 782 2116 Curtii
823 2069 959 2130 apud
1004 2070 1181 2116 Gallos
1231 2070 1491 2128 editorem,
1543 2086 1625 2115 ve-

242 2136 446 2190 riorem,
484 2137 535 2180 ni
574 2147 623 2180 et
665 2133 1002 2196 redemptoris
1046 2135 1374 2181 festinatione
1420 2148 1469 2181 et
1510 2136 1624 2181 arti-

240 2196 353 2246 ficis
409 2199 643 2246 tarditate
691 2201 883 2246 exclusi
939 2216 1178 2262 essemus.
1279 2202 1456 2261 Itaque
1513 2216 1624 2246 eam

242 2267 440 2322 maiori,
471 2281 625 2326 quam
659 2281 916 2326 paramus,
955 2265 1165 2311 editioni
1198 2265 1506 2311 adiiciemus.
1542 2267 1621 2310 In-

241 2332 391 2376 terim
427 2330 680 2375 tironibus
719 2347 1034 2392 magnopere
1073 2331 1504 2387 commendamus,
1551 2343 1621 2387 ut,

243 2397 283 2440 si
315 2411 470 2457 quem
505 2395 749 2441 historiae
792 2396 1016 2443 fructum
1060 2409 1266 2458 praeter
1300 2398 1627 2442 Latinitatem

243 2476 306 2505 ex
348 2460 452 2506 hoc
489 2460 622 2506 libro
670 2473 866 2522 petant,
914 2478 980 2508 ne
1033 2465 1269 2507 omittant
1330 2464 1401 2507 uti
1455 2460 1625 2505 tabula

241 2526 592 2588 geographica
629 2526 765 2572 orbis
800 2539 1047 2573 terrarum
1082 2527 1144 2573 ad
1167 2539 1382 2573 aetatem
1404 2526 1624 2574 Alexan-

243 2589 317 2638 dri
349 2592 523 2655 Magni
551 2591 952 2652 accommodata,
986 2608 1116 2655 quae
1140 2594 1192 2638 in
1223 2593 1361 2655 regio
1391 2593 1621 2638 instituto
