1703 2961
0 2709 13 2765 '’1''

41 2846 50 2854 κ

0 2867 58 2894 nfaesss

0 2899 9 2910 h
38 2902 60 2912 J«

385 295 460 371 Q.
530 287 914 350 CURTII
975 289 1224 346 RUFI

764 418 847 453 DE

622 520 967 564 GESTIS

209 630 917 706 ALEXANDRI
985 628 1388 700 MAGNI

506 781 672 819 REGIS
719 778 1092 818 MACEDONUM

623 944 837 986 LIBER
875 944 968 986 Vn.

534 1197 1042 1238 ARGUMENTUM.

116 1272 178 1331 (1)
206 1251 544 1352 Quaestionibus
578 1285 696 1318 semel
733 1284 936 1327 institutis,
971 1295 1035 1318 rex
1063 1283 1177 1316 etiam
1204 1281 1473 1324 Alexandrum,

115 1346 256 1391 Ae'ropi
280 1345 417 1389 filium,
450 1346 687 1390 Lyncesten‚
725 1356 839 1391 quem
871 1352 959 1378 ante
984 1344 1193 1378 triennium
1220 1344 1293 1378 sibi
1318 1343 1471 1377 insidia-

113 1403 197 1441 tum
223 1408 410 1453 Antipatri
443 1407 564 1440 soceri
599 1406 775 1453 precibus
809 1405 1109 1446 condonaverat,
1146 1417 1166 1439 e
1201 1416 1350 1439 carcere
1385 1416 1473 1450 pro-

115 1475 278 1502 tractum
317 1469 358 1502 in
393 1468 577 1505 contione
613 1478 767 1502 causam
793 1466 919 1500 dicere
952 1468 1071 1501 iussit.
1135 1466 1250 1513 Quod
1278 1478 1364 1500 cum
1390 1477 1471 1499 non

115 1537 255 1575 posset,
289 1529 479 1576 supplicio
515 1528 672 1563 affectus
709 1534 774 1562 est.
827 1528 885 1573 (2)
914 1528 1015 1562 Tum
1043 1527 1308 1574 producuntur
1330 1528 1469 1571 Amyn-

115 1597 170 1623 tas
196 1598 233 1624 et
268 1591 443 1624 Simmias
479 1589 626 1629 fratres,
654 1590 730 1635 regi
767 1591 931 1636 suspecti
956 1598 1113 1637 propter
1147 1588 1356 1622 amicitiam
1383 1599 1471 1621 cum

114 1650 270 1685 Philota
307 1658 343 1683 et
379 1651 454 1684 alia
486 1651 632 1684 indicia
667 1651 784 1683 animi
819 1651 936 1686 alieni
971 1662 1230 1696 novarumque
1255 1661 1381 1683 rerum
1408 1661 1470 1682 cu-

114 1712 210 1759 pidi.
268 1713 323 1757 (3)
355 1712 431 1746 Sed
459 1714 640 1757 Amyntas
672 1712 834 1746 vinculis
869 1715 1013 1748 solutus
1052 1712 1200 1745 fortiter
1223 1721 1262 1744 se
1287 1709 1472 1751 defendit,

115 1781 153 1808 et
182 1774 347 1820 primum
380 1785 520 1807 vocum
553 1781 696 1807 temere
729 1774 915 1809 iactatum
951 1773 1198 1807 insolentiam
1221 1779 1384 1814 excusat,
1409 1771 1469 1816 (ll)

117 1836 258 1869 deinde
278 1835 486 1869 amicitiam
498 1834 672 1868 Philotae
690 1846 729 1869 se
758 1842 970 1870 ceterorum
996 1835 1172 1881 exemplo
1185 1833 1351 1879 etipsius
1374 1831 1470 1878 regis

116 1897 224 1943 quasi
249 1897 352 1930 iussu
379 1896 601 1942 expetivisse
626 1895 809 1935 defendit,
833 1897 892 1943 (5)
911 1905 992 1930 tum
1020 1897 1184 1931 crimina
1206 1894 1300 1940 regii
1324 1893 1471 1928 scribae

111 1957 265 2001 'refutag
292 1964 328 1991 et
351 1968 478 1991 veram
506 1969 657 1992 causam
686 1958 870 2002 ostendit,
895 1971 961 1993 cur
983 1958 1195 2004 Olympias,
1219 1957 1315 2001 regis
1342 1962 1470 1997 mater,

114 2019 240 2064 ipsum
274 2016 355 2051 filio
391 2030 461 2065 per
490 2019 636 2053 litteras
666 2019 830 2054 invisum
868 2019 1091 2054 reddiderit.
1160 2018 1219 2064 (6)
1243 2018 1348 2051 Dum
1371 2016 1470 2049 haec

114 2080 191 2126 agit
222 2081 414 2124 Amyntas,
447 2080 563 2114 frater
602 2081 681 2115 eius
705 2081 894 2115 Polemon
925 2092 970 2115 ex
996 2081 1085 2126 fuga
1107 2086 1287 2114 retractus
1313 2078 1470 2112 adduci·

113 2149 189 2185 tur,
217 2143 282 2188 qui
309 2154 396 2175 cum
420 2148 540 2175 semet
565 2150 770 2186 accusaret,
800 2142 932 2176 fratres
961 2143 1189 2175 innocentes
1217 2151 1294 2174 esse
1318 2146 1470 2174 testare-

114 2210 190 2247 tur,
219 2211 432 2237 ceterorum
466 2203 602 2237 animis
629 2204 755 2242 motis,
790 2204 837 2237 ab
863 2215 942 2237 uno
967 2204 1132 2247 Amynta
1158 2202 1317 2248 graviter
1345 2201 1469 2234 inere-

111 2271 237 2309 patur.
292 2265 393 2298 Tum
421 2276 485 2298 rex
518 2276 540 2298 a
564 2271 644 2298 tota
669 2266 853 2300 contione
879 2272 1065 2302 exoratus,
1092 2271 1164 2297 tres
1189 2263 1322 2296 fratres
1346 2262 1467 2295 multo

115 2336 202 2358 cum
228 2324 378 2360 honore
399 2327 602 2360 verborum
630 2327 804 2361 absolvit.

159 2387 214 2431 (7)
238 2387 452 2435 Alexander
486 2388 534 2421 ad
558 2386 866 2421 interficiendum
888 2387 1196 2427 Parmenionem,
1220 2391 1300 2417 tum
1323 2375 1471 2417 in'Me-

114 2447 180 2480 dia
209 2459 296 2481 cum
329 2456 436 2494 parte
471 2449 656 2483 exercitus
683 2456 908 2491 versantem,
932 2448 1208 2493 Polydamanta
1231 2445 1356 2478 mittit.
1411 2443 1470 2488 (S)

118 2508 194 2555 Qui
233 2521 320 2542 cum
354 2510 577 2544 brevissimo
615 2518 788 2555 tempore
824 2521 869 2543 eo
901 2509 1154 2556 pervenisset,
1191 2506 1401 2540 deliberata
1434 2515 1474 2538 re

118 2581 206 2604 cum
230 2570 431 2617 praefectis
458 2571 583 2617 regiis,
605 2572 902 2606 Parmenionem
928 2570 1033 2604 domi
1056 2580 1146 2603 suae
1171 2567 1366 2615 opprimit.
1416 2566 1476 2611 (9)
