1703 2961
1687 0 1703 56 gl

1688 71 1693 118 l

258 160 340 202 160
710 161 767 218 Q.
797 161 1004 205 CURTu
1032 158 1171 202 mm
1688 126 1692 148 ’

337 273 520 315 Postero
556 281 704 316 autem
741 274 810 317 die
851 271 1076 330 praecepit
1116 268 1450 326 Hephaestioni,
1486 277 1536 313 ut
1579 286 1624 314 ο·
1689 255 1703 332 3

254 360 380 386 mnes
409 346 602 401 captivos
641 347 684 387 in
704 346 867 401 regiam
897 345 1067 386 iuberet
1105 341 1277 384 adduci.
1337 342 1403 382 Ibi
1437 342 1626 399 singulo·
1690 339 1703 424 3

256 431 356 457 rum
389 418 617 459 nobilitate
649 425 855 474 spectata,
886 416 1069 459 secrevit
1096 414 1275 469 avulgo,
1307 428 1497 469 quorum
1522 415 1627 456 emi-
1691 427 1703 460 ν,

257 489 391 530 nebat
420 505 565 546 genus.
629 489 779 530 Mille¹
822 490 864 530 hi
898 489 1096 530 fuerunt:
1137 487 1251 527 inter
1290 500 1399 542 quos
1427 494 1626 542 repertus
1691 465 1703 578 ε

259 568 323 602 est
361 561 578 602 Oxathres
613 560 747 601 Darei
784 560 932 611 frater,
968 575 1059 601 non
1100 558 1209 599 illius
1252 555 1454 605 fortuna,
1493 573 1624 615 quam
1692 578 1703 657 ἒ

259 631 407 680 indole
439 632 573 673 animi
614 633 678 673 sui
719 633 890 675 clarior.
951 634 1034 674 Sex
1064 638 1108 672 et
1136 628 1314 685 vinginti
1346 628 1463 670 milia
1494 629 1628 671 talen-
1647 647 1688 672 xc

259 711 357 746 tum
395 704 592 760 proxima
633 706 796 761 praeda
841 705 1020 745 redacta
1063 708 1205 743 erant:
1243 700 1338 757 quis
1377 703 1432 741 e²
1466 701 1630 743 duode-

261 775 350 817 cim
376 775 491 815 milia
523 776 567 817 in
599 777 871 833 congiarium
903 776 1096 816 militum
1125 775 1356 829 absumpta
1388 779 1500 814 sunt.
1544 773 1630 814 Par

260 846 365 888 huic
399 848 612 903 pecuniae
645 864 818 889 summa
857 847 1093 890 custodum
1121 845 1277 886 fraude
1308 845 1534 887 subtracta
1550 852 1627 886 est.

262 917 486 975 Oxydates
519 927 613 961 erat
642 921 799 961 nobilis
829 921 990 968 Perses,
1017 918 1091 975 qui
1123 933 1145 959 a
1177 918 1324 959 Dareo
1346 915 1517 972 capitali
1533 931 1703 975 sup-11⁴

262 990 394 1047 plicio
428 990 679 1042 destinatus,
723 992 1014 1034 cohibebatur
1042 990 1086 1031 in
1117 990 1318 1038 vinculis;
1346 988 1451 1030 huie
1478 987 1632 1029 libera·
1702 987 1703 993 ’

262 1069 310 1103 to
347 1070 595 1118 satrapeam
629 1065 801 1106 Mediae
836 1048 1054 1104 attribuit:
1087 1061 1359 1118 fratremque
1399 1059 1530 1102 Darei
1567 1075 1632 1102 re·
1695 1067 1699 1076 ⁴

265 1133 382 1190 cepit
412 1134 455 1174 in
486 1135 717 1177 cohortem
757 1136 1017 1186 amicorum,
1048 1135 1170 1176 omni
1201 1141 1394 1177 vetustae
1428 1132 1632 1176 claritatis
1694 1144 1703 1187 3

262 1205 434 1247 honore
462 1215 649 1259 servato.
1695 1198 1699 1264 Ξ

350 1278 463 1319 Hinc
494 1278 538 1318 in
579 1278 876 1320 Parthienen³
917 1287 1175 1335 perventum
1218 1286 1292 1328 est,
1324 1285 1429 1319 tunc
1462 1276 1703 1363 ignobi-123

260 1351 347 1392 lein
377 1358 565 1405 gentem,
601 1367 717 1392 nunc
761 1358 894 1406 caput
930 1351 1144 1401 omnium,
1185 1350 1257 1408 qui
1298 1358 1397 1407 post
1426 1349 1625 1406 Euphra·
1696 1366 1703 1384 ι

261 1431 338 1465 ten
358 1430 401 1463 et
423 1422 573 1478 Tigrin
594 1438 744 1464 amnes
775 1421 856 1468 siti,
874 1422 1009 1463 rubro
1040 1422 1151 1463 mari
1184 1423 1491 1464 terminantur.
1525 1421 1689 1478 Scy-13

261 1496 365 1537 thae
395 1494 620 1551 regionem
649 1500 941 1551 campestrem
975 1510 1024 1536 ac
1065 1494 1255 1536 fertilem
1286 1500 1629 1550 occupaverunt,

261 1582 410 1625 graves
458 1566 602 1608 adhuc
657 1566 846 1607 accolae.
948 1566 1082 1608 Sedes
1132 1567 1300 1608 habent
1354 1573 1398 1608 et
1450 1565 1495 1606 in
1544 1565 1631 1606 Eu·

262 1655 386 1696 ropa,
413 1647 457 1679 et
486 1639 530 1679 in
560 1638 682 1679 Asia:
722 1638 795 1695 qui
825 1652 957 1694 super
992 1640 1245 1695 Bosporum
1274 1639 1438 1688 colunt,
1471 1637 1631 1679 adscri-

261 1711 428 1753 buntur
457 1710 603 1758 Asiae;
645 1717 689 1750 at
725 1710 798 1767 qui
837 1710 881 1750 in
919 1710 1099 1766 Europa
1129 1719 1242 1758 sunt,
1278 1726 1301 1751 a
1333 1711 1454 1751 laevo
1492 1709 1631 1750 Thra-

264 1783 356 1825 cIae
386 1782 519 1822 latere
550 1782 603 1822 ad
643 1781 988 1838 Borysthenem,
1029 1790 1158 1838 atque
1196 1783 1296 1824 inde
1334 1783 1389 1823 ad
1426 1781 1628 1829 Tanaim,
1698 1778 1703 1847 3

264 1855 394 1896 alium
427 1869 617 1901 amnem,
647 1860 766 1894 recta
798 1853 923 1909 plaga
958 1853 1158 1896 attinent.
1218 1854 1377 1895 Tanais
1399 1854 1628 1910 Europam
1648 1851 1703 1906 1⁴3

264 1934 309 1967 et
338 1926 487 1966 Asiam
514 1924 684 1966 medius
713 1925 934 1966 interlluit.
994 1928 1087 1969 Nec
1120 1927 1356 1975 dubitatur,
1390 1925 1495 1983 quin
1527 1926 1631 1983 Scy-
1697 1910 1703 1990 ἒ

264 1998 379 2048 iliae,
409 1999 482 2056 qui
510 1997 696 2039 Parthos
737 1998 989 2048 condidere,
1028 2015 1120 2040 non
1160 2014 1182 2039 a
1214 1999 1432 2054 Bosporo,
1466 1998 1543 2040 sed
1580 2013 1630 2040 ex
1698 2006 1703 2034 ἕ

265 2071 474 2126 Europae
506 2070 683 2127 regione
701 2074 723 2097 4
750 2072 1088 2126 penetraverint.

348 2143 465 2183 Urbs
495 2149 588 2182 erat
628 2156 674 2182 ea
708 2148 967 2197 tempestate
1006 2145 1120 2186 clara
1146 2141 1500 2198 Hecatompylos,
1530 2157 1633 2184 con-
1652 2132 1703 2197 1⁵3

265 2215 351 2257 dita
379 2230 401 2254 a
441 2213 640 2256 Graecis:
679 2212 737 2254 ibi
778 2215 932 2255 stativa
972 2231 1045 2257 rex
1083 2216 1260 2265 habuit,
1307 2214 1629 2257 commeatibus
1698 2207 1703 2277 3

261 2288 455 2343 undique
488 2285 690 2327 advectis.
751 2289 903 2343 Itaque
931 2304 1098 2340 rumor,
1130 2288 1257 2329 otiosi
1288 2286 1434 2328 militis
1460 2286 1628 2335 vitium,
1697 2277 1703 2349 3

262 2361 351 2402 sine
381 2366 561 2400 auctore
591 2359 878 2414 percrebruit,
906 2375 1053 2417 regem
1084 2366 1344 2402 contentum
1363 2358 1506 2404 rebus,
1523 2371 1630 2414 quas
1699 2351 1703 2419 ς’

262 2432 478 2489 gessisset,
527 2429 571 2469 in
618 2430 932 2474 Macedoniam
974 2433 1174 2490 protinus
1219 2431 1362 2472 redire
1413 2428 1624 2470 statuisse.
1699 2440 1703 2505 3

1450 2501 1628 2543 Discur-

264 2602 281 2625 1
307 2601 464 2636 Decem.
650 2605 669 2630 2
695 2618 715 2641 e
741 2609 838 2654 quis.
1023 2608 1044 2640 3
1072 2608 1328 2652 Parffiienem,
1356 2608 1451 2640 item
1475 2613 1625 2649 postea.
1700 2650 1702 2657 Ι

354 2660 372 2686 ⁴
401 2667 477 2702 reg.
511 2657 701 2706 Europae.
1699 2682 1702 2699 l
