1703 2961
232 179 312 225 114
691 166 747 223 Q.
778 163 984 208 CUR'rn
1014 158 1155 202 Ruri

236 287 567 346 complectitur:
594 278 867 336 singulorum
895 267 1136 317 stadiorum
1166 276 1431 311 structuram
1461 267 1601 321 singu-

237 367 290 407 lis
316 362 469 405 diebus
496 354 739 414 perfectam
769 364 858 390 esse
888 345 1131 388 memoriae
1159 341 1386 397 proditum
1403 347 1477 380 est.
1521 340 1604 380 Ae-

239 435 381 479 dificia
411 446 504 474 non
543 433 644 469 sunt
680 423 858 465 admota
896 417 1056 466 muris,
1098 415 1172 456 sed
1200 413 1290 454 sere
1320 411 1507 468 spatium
1540 411 1602 451 iu-

239 507 329 566 geri
360 504 517 546 υῐιίυει
564 499 735 541 absunt.
803 495 868 534 Ac
894 506 949 532 ne
975 497 1118 530 totam
1151 486 1330 544 quidem
1360 483 1516 524 urbem
1547 488 1669 522 te-27

241 580 323 624 ctis
361 575 715 630 occupaverunt:
753 579 833 623 per
869 565 1008 604 Lxxx²
1062 559 1197 602 stadia
1236 556 1482 604 habitatur,
1523 568 1607 595 nec

244 650 394 695 omnia
435 644 644 688 continua
681 644 802 689 sunt,
852 636 1002 682 credo,
1043 633 1143 690 quia
1181 629 1316 671 tutius
1352 628 1492 668 visum
1529 632 1608 674 est,

243 722 441 782 pluribus
480 714 587 758 locis
622 709 776 768 spargi.
838 707 999 750 Cetera
1031 710 1180 746 serunt
1207 702 1457 756 coluntque,
1486 704 1548 747 ut,
1576 697 1610 738 si

247 803 425 838 externa
459 789 522 830 vis
559 786 746 841 ingruat,
788 778 971 823 obsessis
1009 776 1215 818 alimenta
1249 789 1298 814 ex
1330 772 1462 829 ipsius
1492 769 1611 811 urbis

248 868 350 911 solo‘
379 859 777 906 subministrentur.
844 850 1097 907 Euphrates
1138 845 1372 894 interfluit,
1413 853 1674 899 magnae-28

248 955 335 999 que
365 935 494 978 molis
525 925 823 986 crepidinibus
853 924 1096 965 coercetur.
1157 917 1244 960 Sed
1275 915 1476 957 omnium
1511 929 1614 970 ope-

249 1027 351 1054 rum
389 1000 739 1063 magnitudinem
778 992 1132 1039 circumveniunt
1164 1004 1375 1031 cavernae
1404 987 1612 1043 ingentes,

248 1084 294 1125 in
336 1077 610 1123 altitudinem
647 1085 820 1129 pressae
862 1067 917 1108 ad
958 1063 1265 1120 accipiendum
1296 1061 1510 1116 impetum
1539 1057 1617 1097 flu-

249 1154 391 1203 minis,
433 1148 554 1207 quod
590 1145 666 1187 ubi
702 1140 926 1199 appositae
958 1135 1192 1193 crepidinis
1223 1133 1444 1189 fastigium
1475 1145 1617 1172 exces-

248 1228 317 1278 sit,
345 1223 467 1266 urbis
494 1225 610 1262 tecta
642 1214 897 1270 corriperet,
927 1208 1006 1250 nisi
1037 1213 1179 1250 essent
1212 1220 1367 1263 specus
1395 1204 1614 1258 lacusque,

253 1298 329 1356 qui
370 1294 633 1350 exciperent.
703 1283 865 1328 Coctili
892 1280 1101 1323 laterculo
1136 1278 1289 1320 structi
1321 1283 1443 1318 sunt:
1473 1282 1691 1318 totumw·

254 1384 366 1427 opus
413 1364 628 1407 bitumine
669 1356 963 1411 adstringitur.
1033 1353 1151 1394 Pons
1190 1350 1406 1406 lapideus,
1447 1346 1619 1387 flumini
1689 1351 1691 1355 '

253 1439 499 1498 impositus,
537 1433 676 1489 iungit
715 1429 885 1470 urbem.
942 1425 1026 1468 Hie
1056 1436 1232 1481 quoque
1261 1421 1375 1462 inter
1405 1418 1619 1461 mirabilia

254 1511 453 1556 Orientis
493 1521 627 1564 opera
667 1508 923 1545 numeratus
963 1504 1046 1540 est:
1083 1495 1244 1552 quippe
1281 1491 1530 1548 Euphrates
1567 1491 1624 1532 al-

252 1595 350 1628 tum
380 1584 538 1625 limum
567 1575 698 1625 vehit,
727 1588 815 1630 quo
842 1571 1017 1629 penitus
1047 1569 1102 1610 ad
1118 1563 1620 1608 fundamentaiacienda

255 1664 416 1714 egesto,
446 1654 513 1695 vix
548 1646 805 1691 sufficiendo
845 1641 968 1699 operi
1001 1639 1168 1680 firmo³
1202 1636 1428 1693 reperiunt
1456 1635 1619 1683 solium

255 1742 415 1771 arenae
447 1731 595 1766 autem
626 1717 810 1761 subinde
841 1713 1101 1760 cumulatae,
1130 1717 1173 1751 et
1201 1709 1320 1758 saxis,
1353 1708 1481 1764 quis⁴
1512 1722 1623 1763 pons
1639 1722 1679 1750 3ς

255 1799 508 1844 sustinetur,
539 1806 756 1837 annexae,
793 1791 1027 1828 morantur
1069 1796 1268 1830 amnem,
1306 1779 1379 1836 qui
1425 1786 1621 1820 retentus
1688 1768 1691 1782 ³

257 1873 410 1920 acrius,
442 1883 577 1926 quam
607 1865 639 1906 si
659 1864 799 1905 libero
838 1873 964 1900 cursu
996 1863 1178 1902 mearet,
1205 1853 1396 1893 illiditur.
1457 1852 1618 1893 Arcem
1635 1867 1678 1895 31

256 1958 434 2004 quoque
471 1939 641 1982 ambitu
681 1947 736 1977 xx
775 1930 913 1974 stadia
955 1927 1230 1984 complexam
1267 1923 1480 1966 habent.⁵
1540 1935 1622 1965 xxx
1687 1907 1691 1927 ²

255 2017 390 2076 pedes
425 2014 471 2054 in
510 2019 675 2053 terram
711 2004 902 2047 turrium
949 2000 1238 2042 fundamenta
1282 1996 1467 2039 demissa
1505 2001 1620 2041 sunt,

257 2091 313 2132 ad
344 2099 449 2130 mcxx
479 2093 703 2126 summum
735 2073 999 2118 munimenti
1026 2071 1245 2127 fastigium
1274 2068 1483 2126 pervenit.
1540 2066 1691 2111 Su-32

258 2176 338 2220 per
367 2154 567 2207 arcem,⁶
607 2151 828 2207 vulgatum
859 2147 1137 2189 Graecorum
1161 2141 1318 2182 fabulis
1344 2138 1618 2187 miraculum,

255 2233 441 2291 pensiles
479 2224 599 2269 horti
637 2229 759 2273 sunt,
801 2232 1024 2262 summam
1070 2228 1302 2255 murorum
1346 2210 1619 2252 altitudinem

258 2313 510 2362 aequantes,
543 2295 871 2349 multarumque
916 2289 1125 2331 arborum
1163 2286 1319 2327 umbra
1355 2290 1398 2324 et
1428 2281 1622 2338 proceri-

256 2385 346 2420 tate
380 2371 570 2417 amoeni.
632 2368 744 2410 Saxo
776 2364 901 2421 pilae,
934 2376 1046 2418 quae
1075 2366 1219 2399 totum
1246 2371 1355 2397 onus
1393 2352 1688 2403 sustinent,33

257 2452 492 2493 instructae
523 2449 636 2493 sunt,
668 2451 798 2494 super
829 2434 934 2492 pilas
959 2431 1104 2489 lapide
1118 2429 1334 2487 quadrato
1364 2427 1506 2469 solum
1519 2433 1622 2467 stra-
1687 2418 1689 2423 ⁴

255 2553 522 2569 ——--—-

258 2627 275 2650 1
301 2624 416 2658 unius
441 2619 593 2665 ingeris.
778 2611 799 2636 2
823 2623 869 2644 xc
1042 2607 1061 2638 3
1083 2605 1247 2640 firmum.
1411 2603 1433 2633 4
1468 2599 1617 2645 quibus.

341 2680 359 2705 5
387 2675 517 2709 habet.
725 2667 744 2692 0
772 2676 872 2700 arce.
