1703 2961
222 116 303 159 186
695 109 753 165 Q.
782 107 988 152 CURTII
1013 103 1154 148 RUFI

221 229 310 276 bat,
339 233 486 268 motos
524 240 614 267 esse
657 230 751 265 tam
788 218 1024 263 miserabili
1053 215 1208 259 habitu
1239 231 1331 257 non
1355 214 1446 257 sine
1477 213 1583 256 invi-

224 301 293 341 dia
324 300 452 357 paulo
486 305 587 339 ante
617 293 854 351 conspecti.
905 293 1081 333 Ducem
1110 289 1327 347 equitatus
1355 288 1496 344 pridie
1523 285 1582 329 vi-
1597 293 1646 322 26
1684 316 1689 324 .

224 375 397 423 derant3
436 371 643 418 sciebant,
686 367 798 423 regis
835 363 1080 406 interfuisse
1111 361 1324 403 convivio.
1384 361 1584 416 Repente
1686 340 1687 349 ἵ

221 460 348 486 reurn
380 444 570 500 quidem,
591 445 602 465 ¹
640 440 714 480 sed
746 438 878 479 etiam
910 436 1182 482 damnatum,
1209 433 1346 473 immo
1373 431 1588 477 vinctum,

222 517 518 558 intuebantur.
595 511 782 554 Subibat
831 509 1001 551 animos
1044 504 1346 546 Parmenionis
1393 512 1644 560 quoque,2⁷
1685 485 1694 519 3

224 591 334 631 tanti
361 589 494 638 ducis,
521 594 612 627 tam
641 584 744 626 clari
773 584 885 631 civis,
916 581 1106 626 fortuna,
1139 577 1210 634 qui
1244 576 1382 617 modo
1415 574 1588 616 duobus
1685 555 1688 561 ἱ

226 662 334 709 filiis,
365 662 558 701 Hectore
591 660 676 699 ac²
721 656 964 702 Nicanore,
997 651 1187 699 orbatus,
1224 664 1326 690 cum
1357 663 1424 698 eo,
1455 660 1588 704 quem

224 736 443 792 reliquum
498 730 724 774 calamitas
768 727 955 775 fecerat,
1009 723 1165 764 absens
1198 721 1365 763 diceret
1399 732 1589 762 causam.

225 811 377 866 ltaque
407 809 634 859 Amynta3‚
664 801 839 858 regius³
874 803 1066 855 praetor,
1094 793 1350 835 inclinatam
1383 791 1438 832 ad
1466 790 1650 830 mise-28
1685 794 1691 841 ᾗ

226 881 466 923 ricordiam
509 874 767 918 contionem
802 885 951 913 rursus
992 881 1142 924 aspera
1177 866 1221 906 in
1251 864 1472 906 Philotam
1499 875 1593 902 ora-
1686 846 1689 868 ⁵

225 955 348 995 tione
379 948 646 994 commovit:
677 944 877 1003 proditos
906 957 980 984 eos
1002 955 1091 982 esse
1121 936 1337 979 barbaris:
1367 933 1593 975 neminem

228 1027 283 1068 ad
317 1025 549 1080 coniugem
581 1034 719 1068 suam,
747 1017 792 1058 in
822 1015 1062 1073 patriam,4
1093 1018 1137 1052 et
1165 1009 1220 1050 ad
1241 1014 1444 1066 parentes
1465 1004 1594 1045 fuisse

227 1099 497 1140 rediturum:
527 1094 646 1135 velut
675 1099 884 1132 truncum
916 1099 1077 1141 corpus
1104 1083 1287 1137 dempto
1316 1078 1469 1134 capite,
1502 1075 1592 1116 sine

228 1170 394 1228 spiritu,
433 1169 524 1210 sine
562 1163 766 1211 nomine,
809 1159 947 1200 aliena
988 1164 1130 1204 terra,
1180 1152 1421 1194 ludibrium
1458 1146 1593 1189 hostis
1686 1202 1688 1208 Ι

228 1243 414 1284 futuros.
472 1237 827 1293 Haudquaquam
861 1244 941 1286 pro
969 1244 1042 1282 spe
1071 1226 1203 1282 ipsius
1234 1226 1453 1280 Amyntae
1502 1231 1660 1261 ora-29
1686 1221 1688 1231 ⁸

230 1317 292 1357 tio
322 1321 442 1371 grata
474 1311 564 1367 regi
596 1308 690 1357 fuit,
731 1303 851 1362 quod
894 1300 1143 1355 coniugum,
1176 1295 1297 1352 quo'd
1327 1286 1597 1350 patriaead-

230 1389 426 1429 monitos
454 1382 666 1440 pigriores
698 1377 753 1418 ad
797 1381 940 1415 cetera
962 1371 1111 1411 munia
1134 1366 1384 1424 exequenda
1413 1363 1597 1404 fecisset.
1686 1415 1688 1418 .

165 1461 219 1505 36
316 1462 443 1502 Tunc
474 1456 666 1500 Coenus,
692 1459 964 1505 quamquam
997 1442 1195 1483 Philotae
1225 1451 1424 1479 sororem
1453 1433 1600 1474 matri·
1615 1445 1661 1474 30
1685 1430 1688 1438 ’

231 1532 386 1576 monio
416 1543 567 1571 secum
606 1522 915 1567 coniunxerat,
954 1523 1105 1556 tamen
1146 1511 1289 1554 acrius
1324 1523 1458 1565 quam
1488 1505 1601 1563 quis·
1686 1510 1688 1518 '

233 1621 368 1663 quam
393 1603 438 1643 in
469 1599 693 1642 Philotam
722 1593 920 1634 invectus
952 1595 1028 1635 est,
1060 1583 1327 1643 parricidam
1359 1594 1448 1620 esse
1478 1577 1600 1633 regis,

233 1677 414 1738 patriae,
459 1669 694 1714 exercitus,
748 1663 996 1706 clamitans:
1031 1670 1281 1712 saxumque,
1321 1651 1441 1709 quod
1486 1649 1688 1690 sorte31¹

236 1759 335 1794 ante
367 1746 501 1805 pedes
538 1739 720 1788 iacebat,
763 1733 990 1789 arripuit‚⁵
1037 1729 1271 1770 emissurus
1305 1725 1351 1764 in
1391 1727 1515 1771 eum3
1552 1728 1602 1762 ut

233 1822 432 1883 plerique
461 1813 699 1860 credidere,
729 1805 964 1849 tormentis
995 1799 1252 1844 subtrahere
1274 1795 1466 1853 cupiens.
1513 1793 1602 1835 Sed

235 1912 310 1938 rex
341 1905 524 1934 manum
555 1886 645 1927 eius
672 1879 874 1928 inhibuit,
898 1874 1072 1918 dicendi
1101 1872 1219 1929 prius
1247 1883 1423 1912 causam
1443 1866 1602 1908 debere

238 1966 329 2009 fieri
360 1967 624 2021 potestatem
660 1970 765 2001 reo,
804 1967 885 1992 nec
918 1949 1042 1990 aliter
1071 1942 1252 1986 iudicari
1284 1953 1514 1997 passurum
1543 1952 1599 1987 se,

238 2039 474 2084 affirmans.
533 2032 650 2072 Turn
678 2027 823 2068 dicere
854 2035 977 2063 orsus
995 2022 1015 2046 ⁶
1045 2017 1249 2066 Philotas,
1267 2014 1351 2056 sive
1381 2008 1661 2054 eonscien-sa
1684 2001 1687 2023 ¹

237 2114 295 2156 tia
326 2107 508 2155 sceleris,
539 2104 624 2145 sive
655 2095 835 2156 periculi
866 2090 1180 2150 magnitudine,
1211 2099 1361 2129 amens
1385 2091 1429 2125 et
1449 2080 1603 2124 attoni-

238 2194 319 2234 tus,
349 2196 441 2222 non
479 2175 675 2218 attollere
717 2169 882 2214 oculos,
922 2181 1014 2206 non
1051 2162 1220 2204 hiscere
1262 2157 1465 2200 audebat.
1524 2153 1603 2193 La·
1619 2165 1687 2205 333

242 2254 389 2301 crimis
428 2247 586 2292 deinde
627 2240 923 2286 manantibus,
950 2237 1177 2294 linquente
1204 2232 1365 2280 animo,
1405 2227 1451 2268 in
1489 2239 1604 2275 eum,
1686 2224 1687 2231 ’

244 2347 268 2373 a
294 2343 380 2387 quo
413 2320 670 2372 tenebatur,
707 2311 929 2356 incubuit:
970 2306 1257 2363 abstersisque
1295 2299 1488 2344 amiculo
1517 2297 1608 2339 eius

245 2400 394 2449 oculis,
432 2390 646 2450 paulatim
682 2385 898 2443 recipiens
930 2382 1132 2438 spiritum
1171 2393 1222 2420 ac
1259 2387 1432 2420 vocem,
1471 2371 1608 2413 dictu-

247 2590 265 2614 1
290 2597 371 2621 non
398 2591 501 2615 reum
527 2576 657 2610 niodo.
795 2571 817 2596 2
839 2576 886 2606 et.
1020 2565 1040 2598 3
1071 2565 1180 2613 regis.
1322 2563 1345 2593 4
1365 2571 1422 2594 ne
1435 2559 1605 2593 minem

337 2639 379 2672 iu
404 2634 579 2683 patriam.
781 2626 800 2654 5
827 2623 979 2669 eripuit.
1182 2617 1203 2643 ⁶
1229 2617 1363 2651 iussus.
