1703 2961
203 113 286 156 360
654 112 711 169 Q.
746 111 953 157 cunm
979 114 1119 158 mm

205 224 289 258 tari.
343 223 535 258 Funebria
579 226 788 259 certamina
826 227 1032 273 ludosque,
1077 228 1207 273 quales
1240 240 1438 274 nunquam
1471 230 1564 264 editi

204 286 379 328 fuissent,
403 286 624 330 meditatus,
649 287 720 321 tria
746 286 937 322 artificum
963 289 1071 324 milia
1095 290 1241 336 coegit:
1269 291 1338 336 qui
1359 303 1439 324 non
1467 292 1563 325 mul-

205 354 245 381 to
270 355 358 394 post
385 348 427 381 in
454 348 570 394 ipsius
599 349 771 394 exequiis
805 356 965 384 certasse
998 350 1185 388 feruntur.
1240 353 1320 386 Nec
1347 353 1463 398 amici
1486 360 1564 386 tam

206 409 329 443 effuso
359 408 501 445 affectu
525 410 573 444 ad
600 409 888 445 concilianaam
914 413 993 446 eius
1017 414 1176 458 gratiam
1202 414 1366 459 segniter
1389 415 1460 457 usi,
1487 425 1565 448 cer-

206 471 316 504 tatim
342 482 557 517 repperere,
585 485 654 519 per
690 484 789 518 quae
821 475 1006 508 memoria
1035 474 1206 526 defuncti
1233 475 1371 509 clarior
1394 475 1565 509 honora-

204 533 356 578 tiorque
392 531 512 568 fieret.
569 535 685 580 Igitur
719 535 923 577 Eumenes,
960 548 1045 571 cum
1079 547 1118 570 se
1145 537 1195 570 ob
1219 537 1451 572 simultatem
1478 549 1567 571 cum

203 594 633 644 Hephaestionewregis
652 596 961 641 indignationem
985 598 1190 632 incurrisse
1214 599 1406 641 sensisset,
1436 599 1564 632 multis

205 664 338 690 auctor
362 656 448 700 suit,
472 668 589 702 seque
616 665 652 691 et
676 669 780 691 arma
805 670 871 692 sua
904 659 1180 705 Hephaestioni
1207 661 1473 703 consecrandi,
1499 671 1567 706 pe-

204 718 416 763 cuniasque
432 719 831 755 adcohonestandum
853 720 968 754 funus
983 722 1088 767 large
1107 722 1282 755 contulit.
1331 722 1418 756 Hoc
1439 732 1567 756 exem-

204 782 314 826 plum
340 781 477 814 imitati
500 788 590 815 sunt
616 782 749 815 ceteri:
779 793 903 828 eoque
934 795 1023 817 mox
1051 784 1238 828 processit
1263 785 1567 818 assentationum

203 842 458 889 impudentia,
487 844 634 889 ut'regi
664 854 834 878 maerore
865 851 904 878 et
938 845 1126 879 desiderio
1159 845 1330 880 defuncti
1357 845 1566 881 insanienti

204 916 427 951 persuasum
456 905 614 938 tandem
649 905 775 948 fuerit,
810 905 931 939 deum·
961 917 1040 940 esse
1079 907 1419 953 Hephaestionem.
1476 908 1565 954 Quo

205 967 364 1013 quidem
383 974 557 1013 tempore
582 975 647 1001 'ext
671 968 870 1012 copiarum
899 968 1060 1002 ducibus
1089 968 1315 1015 Agathocles
1342 969 1490 1003 Samius
1518 968 1568 1003 ad

201 1037 416 1063 extremum
447 1029 757 1074 periculiwenit,
786 1029 890 1076 quod
916 1031 1020 1064 injus
1047 1032 1237 1065 tumulum
1263 1031 1566 1077 praetoriensi}-

201 1092 423 1125 ·lacrimasse
455 1091 555 1124 visus
592 1097 701 1124 esset.
765 1096 822 1125 Ac
857 1092 932 1125 nisi
962 1093 1175 1135 Perdiccas,
1204 1092 1466 1127 venanti.2sibi
1493 1092 1567 1126 He-

204 1153 473 1199 phaestionem
500 1153 720 1198 apparuisse
746 1155 961 1195 ementitus,
986 1165 1054 1200 per
1079 1155 1170 1188 deos
1208 1166 1340 1188 omnes
1365 1155 1569 1200 ipsumque

204 1214 533 1261 Hephaestionem
567 1214 782 1256 deierasset,
817 1226 862 1248 ex
885 1215 968 1260 ipso
993 1225 1033 1248 se
1055 1216 1289 1257 cognovisse,
1317 1215 1568 1260 Agathoclem

199 1289 290 1310 ‘non
321 1283 364 1310 ut
389 1283 596 1317 mortuum,
625 1282 661 1309 et
687 1286 806 1309 vanae
835 1276 1046 1309 divinitatis
1081 1277 1199 1310 titulis
1223 1277 1364 1310 frustra
1391 1280 1569 1311 ornatum

205 1340 371 1382 flevisse,
405 1349 538 1371 verum
578 1336 628 1370 ob
672 1337 897 1370 memoriam
929 1338 1113 1382 pristinae
1149 1337 1360 1370 sodalitatis
1392 1337 1568 1371 lacrimas

207 1413 290 1435 non
317 1400 498 1439 tenuisse,
528 1399 584 1432 vir
618 1398 727 1432 fortis
759 1405 795 1431 et
828 1398 874 1432 de
912 1409 1001 1444 rege
1041 1400 1140 1432 bene
1167 1400 1320 1432 meritus
1347 1398 1499 1444 pietatis
1527 1398 1571 1432 in

208 1464 375 1496 amicum
398 1472 526 1506 graves
550 1472 698 1513 poenas
724 1460 888 1493 innoxio
919 1462 1045 1506 capite
1072 1460 1331 1506 pependisset.

225 1528 230 1533 '
253 1525 433 1558 Ceterum
457 1530 499 1556 ut
521 1522 718 1568 paulisper
745 1521 888 1555 aluctu
918 1530 1094 1556 avocaret
1109 1522 1292 1563 animum,
1320 1523 1360 1556 in
1387 1521 1569 1556 Cossaeo-

207 1598 290 1620 rum
315 1593 469 1631 gentem
498 1583 782 1630 expeditionem
808 1585 987 1630 suscepit.
1038 1585 1128 1629 luga
1154 1584 1307 1617 Mediae
1331 1584 1458 1619 vicina
1478 1584 1570 1618 Cos-

196 1648 284 1682 -saei
314 1653 456 1689 tenent,
486 1657 662 1691 asperum
689 1651 726 1678 et
750 1656 837 1679 acre
861 1657 992 1691 genus,
1023 1654 1060 1679 et
1084 1645 1309 1692 praedando
1336 1646 1454 1679 vitam
1475 1645 1570 1679 tole-

208 1720 290 1743 rare
323 1709 491 1742 solitum.
529 1707 608 1741 ‚Ab
644 1706 702 1740 his
739 1709 933 1741 Persarum
968 1718 1073 1753 reges
1100 1719 1232 1741 annuo
1260 1707 1406 1741 tributo
1433 1719 1571 1753 pacem

207 1771 396 1805 redimere
430 1776 725 1811 consueverant,
761 1780 809 1802 ne
844 1770 885 1802 in
916 1769 1090 1802 subiecta
1119 1769 1363 1803 decurrentes
1390 1768 1570 1803 infestam

206 1833 428 1868 latrociniis,
446 1832 645 1876 regionem
679 1830 866 1864 facerent.
925 1831 1023 1864 Nam
1065 1831 1143 1864 vim
1176 1838 1403 1877 temptantes
1439 1831 1570 1864 Persas

196 1896 322 1929 >facile
355 1895 614 1940 reppulerant,
649 1894 850 1939 asperitate
882 1892 1060 1925 locorum
1097 1892 1271 1934 defensi,
1315 1893 1358 1926 in
1403 1903 1500 1938 quae
1530 1903 1570 1926 se

207 1957 460 2004 recipiebant,
497 1956 674 2000 quotiens
710 1954 821 1988 armis
855 1955 1145 2000 superabantur.
1196 1954 1318 1987 Iidem
1345 1954 1570 1988 muneribus

210 2018 418 2066 quotannis
442 2018 709 2064 placabantur,
736 2024 779 2050 ut
812 2017 893 2062 regi
923 2016 1143 2058 Ecbatanis,
1171 2016 1237 2049 ubi
1263 2016 1403 2049 aestiva
1423 2015 1572 2049 solebat

208 2092 330 2126 agere,
357 2079 602 2124 Babylonem
627 2078 848 2123 remigranti
883 2085 986 2111 tutus
1033 2089 1101 2124 per
1129 2088 1172 2111 ea
1196 2078 1285 2111 loca
1312 2078 1498 2111 transitus·
1517 2088 1571 2110 es·

207 2126 274 2177 set.
321 2143 399 2176 Hos
433 2143 546 2187 igitur
576 2140 794 2175 Alexander
822 2139 1006 2184 bipartito
1042 2140 1194 2185 agmine
1227 2150 1433 2185 aggressus»,
1470 2139 1572 2172 intra

210 2204 460 2251 quadraginta
496 2203 577 2236 dies
601 2202 836 2248 perdomuit.
899 2202 998 2235 Nam
1035 2201 1082 2235 ab
1120 2201 1205 2247 ipso
1237 2212 1326 2246 rege
1368 2208 1405 2235 et
1445 2200 1569 2234 Ptole-

209 2278 334 2308 maeo,
363 2266 428 2311 qui
456 2272 604 2311 partem
628 2263 813 2298 exercitus
848 2263 1025 2305 ducebat,
1053 2274 1166 2308 saepe
1192 2263 1306 2304 caesi,
1333 2271 1377 2296 ut
1400 2262 1569 2308 captivos

209 2341 296 2363 suos
324 2328 551 2373 reciperent,
587 2326 796 2372 permisere
829 2336 869 2358 se
896 2325 1046 2359 victori.
1096 2325 1165 2358 Ille
1192 2324 1334 2358 validas
1360 2324 1473 2357 urbes
1499 2336 1572 2369 op-

207 2390 384 2438 portunis
418 2389 515 2422 locis
552 2387 674 2422 extrui
711 2387 833 2427 iussit,
868 2398 916 2419 ne
950 2386 1118 2420 abducto
1157 2386 1324 2420 exercitu
1362 2384 1444 2418 sera
1480 2395 1570 2429 gens

210 2451 473 2487 obedientiam
501 2456 666 2484 exueret.
716 2449 832 2481 Motis
862 2448 956 2482 inde
987 2449 1129 2487 castris,
1159 2455 1200 2481 ut
1224 2447 1386 2481 militem
1415 2446 1570 2492 expedi-

207 2517 316 2548 tione
341 2512 486 2546 recenti
517 2511 658 2545 fessum
685 2508 872 2552 reficeret,
896 2510 1005 2543 lento
1031 2511 1183 2556 agmine
1214 2509 1458 2553 Babylonem
1483 2519 1569 2554 pro-

206 2576 380 2611 cedebat.
437 2574 594 2617 lamque
634 2572 696 2604 vix
730 2572 885 2617 triginta
921 2571 967 2604 ab
1009 2572 1102 2605 urbe
1135 2570 1264 2605 stadiis
1301 2570 1454 2612 aberat,
1480 2580 1569 2603 cum

207 2637 401 2673 Nearchus
447 2635 626 2675 occurrit,
670 2645 786 2679 quem
825 2645 894 2680 per
929 2634 1140 2668 Oceanum?
1161 2639 1197 2665 et
1233 2631 1436 2678 Euphratis
1475 2630 1571 2664 ostia
