1703 2961
417 141 499 184 DE
540 138 753 184 GESTIS
782 137 950 182 ALEX.
976 138 1032 188 V,
1065 135 1133 183 24.
1386 138 1465 184 137

112 250 361 311 posteritas,
407 256 522 296 nulla
553 264 643 296 tam
682 255 858 306 ingrata
876 249 1020 310 sama,
1052 266 1162 306 quae
1190 267 1274 296 non
1302 255 1347 294 ἰη
1377 268 1466 294 coe-

113 330 198 368 lum
227 342 309 369 vos
339 328 502 368 debitis
538 326 738 367 laudibus
755 323 899 381 serat.
969 327 1136 380 Itaque,
1165 327 1343 366 etiamsi
1373 323 1528 366 con-23

0 387 2 468 Ι
112 401 258 440 silium
274 397 431 458 fitgae,
473 416 501 440 a
541 415 627 454 qua
663 398 840 437 multum
869 397 1069 438 abhorret
1098 399 1277 444 animus,
1306 402 1466 452 agitas-

109 487 211 520 sem,
237 484 389 513 vestra
423 482 566 512 tamen
594 472 762 510 virtute
787 465 942 525 fretus
967 470 1143 512 obviam
1182 473 1309 511 issem
1334 474 1466 513 hosti.

48 557 92 582 11
112 546 340 609 Quousque
371 548 483 584 enim
514 546 559 584 in
587 559 716 597 regno
748 543 945 589 exulabo,
979 553 1023 583 et
1047 542 1262 600 perfines
1294 547 1471 599 imperii

110 620 195 657 mei
219 615 403 676 fugiam
443 626 664 656 externum
707 626 752 656 et
781 617 995 655 advenam
1023 618 1193 668 regem?
1219 632 1311 657 cum
1339 619 1470 660 liceat

0 681 5 771 ἱ
109 700 291 744 experto
332 689 434 730 belli
457 686 692 747 fortunam
733 699 813 729 aut
852 703 1055 742 reparare
1081 703 1188 743 quae
1213 692 1353 739 amisi,
1389 702 1470 733 aut

0 779 6 812 ι
53 765 288 804 12honesccz
314 771 450 803 morte
479 759 674 819 cleficngi.
729 763 798 802 Ni
814 765 826 786 ¹
845 759 978 816 sorte
1007 764 1147 802 satius
1176 773 1243 803 est
1266 775 1470 818 expecta-

108 851 154 875 re
183 837 372 877 victoris
409 835 654 884 arbitrium,
694 845 739 875 et
774 837 953 877 Mazaei
989 844 1033 874 et
1065 836 1303 876 Mithrenis
1331 853 1468 878 exem-

107 909 182 961 plo
209 909 452 962 precarium
482 910 676 962 accipere
702 923 878 960 regnum
907 909 1102 949 nationis
1127 911 1273 950 unius:
1302 919 1352 950 ut
1380 913 1467 951 iam

54 982 238 1023 13malit
271 982 345 1020 ille
382 982 548 1035 gloriae
578 997 691 1029 suae,
719 996 845 1035 quam
886 983 978 1020 irae
1009 982 1198 1035 obsequi.
1268 984 1364 1023 Nee
1399 986 1469 1023 dii

107 1055 307 1101 siverint,
343 1064 393 1094 ut
431 1055 512 1095 hoc
559 1055 687 1093 decus
721 1055 806 1092 mei
841 1055 1007 1107 capitis
1031 1063 1129 1113 'aut'
1153 1048 1319 1095 demere
1360 1059 1468 1098 mihi

109 1127 333 1180 quisquam
361 1136 439 1166 aut
468 1127 709 1168 condonare
738 1127 907 1179 possit:
934 1141 1009 1165 nec
1038 1128 1118 1168 hoc
1147 1128 1373 1183 imperium
1402 1133 1468 1170 vi-

109 1212 190 1238 vus
228 1201 443 1245 amittam,
484 1200 680 1254 idemque
717 1201 802 1239 erit
839 1200 964 1251 regni
1002 1201 1097 1246 mei,
1128 1202 1204 1254 qui
1230 1204 1467 1254 spiritus‚²

45 1269 222 1327 14finl‘s.
316 1272 367 1312 Si
409 1272 480 1310 hic
524 1274 711 1320 animus,
751 1273 793 1311 si
828 1273 932 1311 haec
971 1271 1065 1321 lex,
1104 1274 1214 1313 nulli
1250 1290 1333 1315 non
1371 1291 1468 1329 par-

109 1353 156 1384 ta
181 1343 359 1384 libertas
393 1353 479 1383 est:
520 1359 640 1385 nemo
677 1361 699 1384 e
733 1345 862 1386 vobis
882 1341 1132 1402 fastidium
1169 1349 1468 1398 Macedonum,

109 1430 228 1456 nemo
272 1416 442 1456 vultum
489 1418 715 1471 superbum
762 1414 877 1472 ferre
914 1429 1103 1476 cogetur.
1193 1421 1281 1460 Sua
1319 1424 1469 1477 cuique

108 1489 269 1527 dextra
308 1498 384 1528 aut
421 1489 630 1530 ulcionem
667 1500 738 1531 tot
775 1492 980 1530 malorum
1015 1494 1171 1545 pariet,
1216 1503 1296 1533 aut
1311 1495 1465 1551 finem.

44 1583 89 1609 1⁵
107 1561 339 1614 Equidem,
389 1576 515 1616 quam
560 1563 792 1602 versabilis
823 1559 1017 1621 fortuna
1067 1567 1141 1610 sit,
1173 1566 1500 1610 document-um‘

109 1635 204 1686 ipse
229 1647 334 1672 sum.
400 1635 496 1693 .Nec
524 1635 740 1676 immerito
772 1638 970 1677 mitiores
997 1638 1119 1677 vices
1148 1639 1241 1678 eius
1269 1652 1465 1694 expecto.

110 1707 197 1746 Sed
224 1707 267 1744 si
292 1707 409 1745 iusta
439 1721 490 1745 ac
519 1708 599 1760 pia
626 1707 738 1746 bella
775 1709 844 1746 dii
887 1719 1158 1758 aversantur,
1172 1707 1379 1767 sortibus
1405 1726 1472 1756 ta-

48 1794 205 1834 16·men
239 1779 353 1817 viris
391 1779 542 1818 licebit
578 1780 754 1820 honeste
798 1783 920 1822 mori.
987 1782 1070 1821 Per
1098 1797 1176 1835 ego
1204 1798 1286 1825 vos
1314 1774 1472 1830 decora

108 1853 328 1899 maiorum,
366 1853 442 1905 qui
485 1853 625 1892 totius
675 1854 872 1894 Orientis
906 1868 1041 1906 regna
1077 1869 1171 1893 cum
1202 1862 1473 1903 memorabili

107 1927 236 1966 laude
268 1936 518 1975 tenuerunt,
562 1939 641 1978 per
690 1926 790 1966 illos
827 1928 963 1974 viros,
1003 1927 1158 1981 quibus
1202 1931 1470 1983 stipendium

107 1999 368 2039 Macedonia
405 1999 620 2053 quondam
655 1999 772 2047 tulit,
811 2015 890 2052 per
926 2008 996 2040 tot
1033 2002 1210 2041 navium
1240 2004 1396 2046 classes
1424 2010 1470 2049 in

115 2072 341 2111 Graeciam
380 2073 549 2128 missas,
586 2086 666 2124 per
701 2080 772 2112 tot
811 2082 994 2126 tropaea
1032 2088 1180 2126 regum
1221 2090 1296 2118 oro
1326 2090 1370 2120 et
1401 2082 1469 2122 ob-

112 2153 264 2192 testor,
293 2154 344 2184 ut
381 2144 614 2185 nobilitate
651 2154 802 2184 vestra
835 2147 1061 2200 gentisque
1097 2148 1256 2201 dignos
1283 2154 1471 2204 spiritus

52 2219 318 2270 17capiatis‚
356 2227 406 2257 ut
445 2217 593 2256 eadem
631 2220 880 2258 constantia
914 2220 1162 2268 animorum,
1194 2237 1279 2276 qua
1301 2240 1470 2278 praete-

112 2291 201 2329 rita
235 2291 472 2336 tolerastis,
515 2291 816 2341 experiamini,
859 2293 1065 2346 quicquid
1095 2294 1250 2333 deinde
1266 2294 1376 2353 sors
1403 2311 1468 2341 tu-

113 2362 227 2402 lerit.
305 2363 382 2402 ,Me
424 2370 538 2400 certe
576 2362 622 2400 in
660 2373 914 2416 perpetuum
949 2374 1029 2406 aut
1066 2367 1258 2408 victoria
1295 2377 1470 2429 egregia

112 2433 372 2483 nobilitabit,
407 2443 485 2475 aut
508 2449 668 2488 pugna.

111 2633 130 2658 1
156 2633 246 2668 nisi.
445 2635 467 2662 2
494 2637 560 2683 qui
585 2644 630 2671 et
654 2637 819 2684 spiritus.
