1703 2961
169 1079 197 1121 8

212 148 268 192 50
661 139 719 196 Q.
754 136 959 181 CURTII
986 133 1130 178 RUFI

210 259 337 317 plum
363 254 566 298 Herculis
605 260 724 296 extra
753 251 928 298 urbem,
963 249 1009 291 in
1046 261 1097 289 ea
1135 243 1293 294 sede‚¹
1337 257 1471 302 quarn
1500 243 1594 290 Pa-‚

211 333 414 388 laetyron
442 328 522 385 ipsi
550 329 766 370 vocentz²
798 323 858 364 ibi
887 336 1036 378 regern
1063 320 1147 362 deo
1189 330 1366 358 sacrum
1403 316 1484 358 rite
1518 315 1580 356 fa-

214 411 406 446 cturum.
465 402 569 443 Non
598 398 740 440 tenuit
769 397 894 445 iram,
924 393 1046 436 cuius
1066 393 1082 419 3
1117 388 1279 446 alioqui
1303 394 1461 445 potens
1489 402 1582 428 non
1618 405 1635 432 ς

218 482 325 518 erat.
386 476 566 530 Itaque,
606 488 688 514 vos
725 471 912 526 quidem,
953 465 1106 522 inquit,
1124 462 1302 521 fiducia
1337 463 1436 510 loci,
1467 461 1584 516 quod

219 550 404 590 insulam
434 546 643 592 incolitis,
673 545 918 596 pedestrem
943 541 1053 580 hunc
1083 539 1320 579 exercitum
1348 535 1585 588 spernibis:

219 624 298 664 sed
326 622 452 662 brevi
489 619 715 660 ostendam
753 618 799 656 in
836 614 1076 655 concinenti
1114 626 1197 653 vos
1233 625 1337 651 esse.
1391 607 1587 649 Proinde

222 696 379 736 sciatis
410 694 527 740 licet,
559 701 635 730 auc
666 692 927 731 intraturum
959 703 1023 727 me
1057 685 1214 733 urbem,
1250 691 1328 722 auh
1366 694 1590 737 oppugna-

224 779 379 810 turum.
447 762 566 805 Cum
597 761 684 803 hoc
711 775 921 817 responso
943 758 1142 800 dimissos
1162 768 1346 796 monere
1369 751 1589 809 [amiei]⁴
1622 760 1646 789 ο·

227 843 484 895 coeperunt,
533 841 583 875 ut
629 849 792 889 regem,
842 846 976 887 quem
1017 828 1154 886 Syria,
1198 840 1333 882 quem
1370 823 1594 866 Phoenice

224 910 472 966 recepisset,
507 907 587 964 ipsi
619 918 795 963 quoque
822 904 981 945 urbem
1010 900 1174 942 intrare
1205 903 1478 954 paterentur.
1535 895 1597 937 At
1630 910 1646 936 7

225 983 297 1033 illi,
328 981 429 1024 loeo
461 980 562 1021 satis
586 978 663 1027 fisi,
697 977 975 1020 obsidionem
1004 973 1118 1014 ferre
1149 969 1481 1013 decreverant.5

316 1082 522 1138 Namque
552 1080 708 1121 urbem
725 1075 1003 1120 acontinonti
1028 1080 1238 1131 quattuor
1251 1070 1496 1113 stadiorum
1520 1067 1602 1109 fre-

231 1163 332 1198 tum
365 1152 539 1195 dividit:
578 1152 731 1193 Africo
773 1148 963 1191 maxime
993 1146 1230 1193 obiectum,
1259 1142 1438 1184 crebros
1468 1156 1518 1180 ex
1547 1139 1602 1179 al-
1697 1142 1701 1182 ἰ

233 1236 288 1271 to*
324 1227 485 1268 fluctus
520 1225 567 1266 in
599 1224 699 1266 litus
736 1221 906 1264 evolvit.
934 1221 954 1244 ⁶
1018 1219 1114 1259 'Nec
1159 1212 1420 1271 accipiendo
1462 1210 1598 1268 operi,
1637 1227 1656 1255 8

236 1315 325 1358 quo
355 1297 628 1340 Macedones
665 1292 910 1338 continenti
949 1290 1135 1331 insulam
1163 1287 1340 1343 iungere
1371 1282 1604 1341 parabant,

237 1372 477 1430 quicquam
506 1369 655 1426 magis,
687 1381 822 1425 quam
860 1363 935 1405 ille
962 1369 1119 1404 ventus
1147 1359 1366 1401 obstabat.
1430 1355 1609 1411 Quippe

237 1443 445 1488 vix'leni*
469 1449 514 1483 et
541 1440 777 1500 tranquillo
806 1436 919 1478 mari
948 1434 1088 1475 moles
1115 1432 1180 1488 agi
1210 1436 1409 1487 possunt,
1435 1426 1610 1469 Africus

238 1531 345 1558 vero
385 1514 529 1572 prima
570 1526 771 1569 quaeque
811 1515 1017 1565 congesta
1056 1505 1183 1562 pulsu
1229 1501 1336 1543 illisa
1374 1498 1486 1541 mari
1512 1497 1618 1540 sub*

240 1589 351 1642 ruit:
411 1603 494 1629 nec
551 1585 636 1626 ulla
682 1592 775 1624 tam
826 1581 954 1622 firma
994 1577 1135 1619 moles
1182 1581 1266 1623 est,
1332 1587 1467 1629 quam
1516 1586 1610 1611 non
1639 1608 1677 1615 Α,

240 1657 438 1704 exedant·
467 1657 612 1699 undae
646 1663 690 1696 et
715 1658 733 1680 ⁷
775 1667 856 1710 per
893 1666 1028 1692 nexus
1065 1661 1252 1705 operum
1281 1651 1526 1694 manantes,
1554 1650 1610 1692 et,

241 1733 319 1776 ubi
356 1732 500 1774 acrior
540 1729 671 1770 ssatus
710 1725 863 1776 existit,
890 1727 906 1752 8
946 1722 1108 1764 summi
1151 1718 1297 1775 operis
1332 1715 1503 1771 fastigio
1543 1731 1612 1756 su-

243 1800 461 1864 perfusae:
517 1803 698 1843 Praeter
726 1798 844 1839 hanc
873 1794 1179 1837 difficultatem
1207 1789 1327 1831 haud
1355 1788 1504 1829 minor
1531 1786 1611 1828 alia
1643 1807 1663 1837 9
1702 1787 1703 1792 ’

245 1886 359 1921 erat:
398 1889 552 1918 muros
588 1880 817 1927 turresque
855 1866 974 1909 urbis
1014 1863 1261 1921 praealtum
1295 1875 1418 1902 mare
1448 1859 1617 1901 ambie-

242 1951 341 1993 bat:
370 1964 464 1991 non
492 1950 717 1987 tormenta
743 1941 824 1983 nisi
864 1957 887 1981 e
911 1938 1094 1980 navibus
1125 1934 1282 1992 procul
1311 1946 1486 1975 excussa
1514 1930 1615 1972 mit-

243 2024 336 2072 ti,9
381 2037 475 2063 non
523 2017 666 2060 scalae
717 2013 950 2056 moenibus
982 2008 1192 2067 applicari
1220 2012 1445 2064 poterant:
1493 2017 1617 2059 prae-

246 2110 348 2152 ceps
380 2094 425 2135 in
455 2091 595 2133 salum
623 2102 777 2130 murus
801 2085 1004 2142 pedestre
1036 2083 1331 2137 interceperat
1359 2078 1460 2118 iter:
1483 2090 1614 2117 naves

244 2183 328 2208 nec
353 2164 549 2206 habebat
586 2177 673 2213 rex,
718 2167 774 2209 et,
812 2158 845 2200 si
888 2155 1163 2204 admovisset,
1201 2151 1442 2210 pendentes
1480 2149 1613 2190 etin-

243 2237 422 2280 stabiles
452 2235 684 2276 missilibus
713 2231 852 2273 arceri
884 2235 1105 2287 poterant.

326 2312 447 2352 Inter
485 2322 596 2363 quae
631 2321 763 2362 parva
794 2303 917 2344 dictu
944 2316 1013 2342 res
1038 2298 1279 2356 Tyriorum
1309 2293 1518 2337 fiduciam
1547 2307 1614 2334 ac-
1632 2308 1679 2334 10

245 2382 408 2426 cendit.
459 2376 893 2434 Carthaginiensium
931 2372 1060 2430 legati
1099 2371 1156 2412 ad
1204 2367 1518 2411 celebrandum
1555 2379 1617 2406 sa-

1692 2304 1697 2315 1

244 2544 261 2566 1
286 2542 327 2575 in
352 2552 436 2574 eam
462 2539 604 2573 sedem.
696 2537 716 2562 2
738 2543 890 2570 vocant.
989 2534 1008 2563 3
1039 2534 1133 2566 iram
1159 2528 1464 2569 Alexander,
1494 2525 1614 2559 cuius.

331 2597 354 2626 4
379 2597 463 2627 sine
492 2595 614 2635 uncis,
642 2592 772 2625 malae
784 2590 893 2635 Jirlei
918 2587 1120 2623 indicibus.
1307 2584 1326 2611 5
1352 2583 1614 2616 decreverunt.

330 2649 351 2673 6
377 2649 570 2682 evolvens.
737 2645 754 2672 7
781 2645 901 2680 abest.
1067 2642 1085 2669 8
1126 2640 1262 2674 extitit.
1430 2637 1451 2663 9
1479 2634 1614 2668 emitti.
