1703 2961
203 224 284 265 132
561 224 564 227 ·
665 209 724 265 Q.
754 202 960 249 cumn
988 195 1130 241 Rom
1655 156 1691 251 ql

1656 269 1659 284 «

207 335 286 379 sed
317 333 450 375 etiam
480 325 731 372 crudelitas,
762 319 809 360 in
841 322 968 373 capta
1007 309 1117 352 urbe
1155 310 1344 363 grassata
1374 308 1457 344 est:
1504 313 1577 340 au·
1656 261 1691 362 ll*

209 424 262 451 ro
292 410 560 462 argentoque
601 393 746 439 onusti
786 390 885 432 vilia
918 384 1197 442 captivorum
1229 389 1416 433 corpora
1443 370 1575 414 truci·
1658 359 1659 366 ἵ

216 481 393 528 dabant,
425 473 672 532 passimque
703 463 818 507 obvii
839 459 1151 504 caedebantur,
1173 465 1283 508 quos
1308 454 1407 488 ante
1428 449 1442 470 ¹
1475 457 1579 500 pre-

215 553 329 595 tium
356 548 419 591 sui
450 540 714 587 miserabiles
742 537 920 578 fecerat.
976 527 1106 572 Multi
1132 539 1233 580 ergo
1263 519 1458 562 hostium
1486 529 1578 555 ma·
1611 528 1629 555 7
1657 525 1683 562 ι

218 638 301 665 nus
328 616 573 662 voluntaria
612 618 758 654 morte
801 605 1144 660 occupaverunt,
1175 589 1488 652 pretiosissima
1514 601 1584 627 ve·
1658 566 1661 580 ‹

220 696 354 738 stium
389 689 531 732 induti
580 702 603 727 e
628 682 781 726 *muris
825 675 1080 731 semetipsos
1113 684 1215 712 cum
1244 661 1500 719 coniugibus
1532 673 1582 700 ac

226 764 372 809 liberis
412 762 457 802 in
486 771 695 817 praeceps
723 750 979 795 iacientes.2
1052 742 1246 798 Quidam
1285 737 1423 792 ignes,
1463 729 1584 788 quod
1659 728 1663 759 l

226 838 359 897 paulo
389 841 491 892 post
531 831 727 873 facturus
762 822 900 865 hostis
937 817 1178 863 videbatur,
1217 809 1496 853 subiecerant
1523 817 1591 843 ae·
1659 814 1664 859 ᾗ

231 912 373 957 dibus,
403 914 453 947 ut
490 918 592 947 cum
634 899 719 942 suis
753 895 836 937 vivi
880 894 1195 934 cremarentur.
1261 879 1464 922 Tandem
1505 873 1592 916 suis
1622 877 1664 929 a}

234 1128 372 1170 fidem
403 1122 595 1165 excedat.
659 1116 872 1158 Ceterum
913 1115 987 1150 aut
1020 1105 1072 1146 de
1104 1103 1192 1144 aliis
1224 1110 1399 1157 quoque
1431 1091 1600 1135 dul-›ita-
1628 1107 1664 1143 9x

236 1201 395 1247 bimus,
427 1202 503 1237 aut
533 1189 811 1234 credemus‚4
843 1184 887 1224 in
913 1180 1043 1222 huius
1072 1173 1190 1216 urbis
1217 1185 1319 1227 gaza
1346 1167 1476 1209 fuisse
1505 1177 1526 1204 c
1555 1169 1600 1204 et
1662 1160 1663 1166 ’

239 1287 294 1316 xx
333 1269 450 1312 milia
488 1260 755 1307 talentum:⁵
802 1256 856 1298 ad
898 1266 1010 1310 quae
1039 1246 1240 1291 vehenda
1287 1246 1498 1295 (namque
1544 1233 1601 1275 ad

241 1359 344 1386 usus
369 1340 470 1383 belli
510 1349 661 1379 secum
696 1336 874 1387 portare
914 1322 1184 1369 decreverat)
1224 1315 1420 1356 iumenta
1462 1305 1506 1350 et
1536 1322 1603 1349 ca-

242 1416 383 1460 melos
416 1428 439 1454 a
472 1409 588 1453 Susis
619 1413 663 1447 et
693 1401 921 1455 Babylone
955 1391 1154 1437 contrahi
1185 1386 1318 1429 iussit.
1370 1384 1604 1426 Accessere
1619 1377 1665 1420 ιςὲ

244 1489 301 1531 ad
340 1487 457 1528 hane
502 1478 716 1539 pecuniae
754 1483 999 1517 summam,
1051 1462 1188 1520 captis
1221 1454 1496 1513 Persagadis,
1536 1465 1607 1492 sex

243 1560 363 1603 milia
390 1557 618 1599 talentum.
635 1551 656 1575 ⁶
721 1546 863 1603 Cyrus
891 1537 1186 1595 Persagadum
1212 1531 1369 1573 urbem
1403 1523 1611 1567 condide-

245 1641 329 1685 rat,
360 1643 495 1688 quam
522 1620 768 1667 Alexandro
797 1613 1044 1674 praefectus
1072 1609 1163 1651 eius
1185 1605 1385 1647 Gobares
1414 1595 1606 1640 tradidit.

1662 1204 1664 1230 ι

1662 1239 1664 1278 l

1662 1291 1665 1330 Ι

1661 1334 1672 1374 Ι,

186 1738 238 1779 21
334 1732 429 1774 Rex
472 1741 620 1769 arcem
669 1717 937 1774 Persepolis,
984 1725 1049 1753 111
1096 1707 1270 1750 milibus
1309 1692 1610 1743 Macedonum
1627 1712 1658 1736 1:
1696 1730 1697 1733 ,

250 1802 469 1865 praesidio
506 1797 678 1844 relictis,
717 1787 1046 1835 Nicarchiden⁷
1090 1780 1202 1823 tueri
1243 1775 1383 1818 iubet:
1424 1768 1610 1813 Tiridati

254 1890 455 1937 quoque,
495 1871 568 1928 qui
607 1880 758 1925 gazam
793 1860 1058 1903 tradiderat,
1105 1856 1297 1895 servatus
1341 1853 1406 1887 est
1454 1843 1613 1888 honos,

255 1964 390 2010 quem
432 1944 550 2002 apud
586 1943 782 1983 Dareum
820 1935 1058 1975 habuerat:
1105 1935 1352 1979 magnaque
1403 1914 1614 1958 exercitus

254 2029 381 2082 parte
412 2026 457 2060 et
494 2008 815 2071 impedimentis
852 2005 913 2046 ibi
944 2000 1118 2048 relicus,
1149 1988 1474 2038 Parmeniona8
1509 1986 1615 2028 Cra-

257 2103 492 2149 terumque
526 2083 751 2145 praefecit.
819 2081 917 2135 Ipse
958 2088 1061 2118 cum
1096 2068 1211 2112 mille
1255 2062 1471 2121 equitibus
1498 2058 1699 2116 pedi-111.

259 2176 445 2222 tumque
473 2159 672 2218 expedita
696 2168 831 2196 manu
863 2148 1119 2191 interiorem
1159 2136 1346 2181 Persidis
1389 2131 1614 2188 regionem
1663 2128 1667 2195 Ι’

262 2240 342 2282 sub
374 2237 519 2293 ipsum
569 2227 858 2285 Vergiliarum
910 2220 1024 2262 sidus
1071 2213 1215 2271 petiit,
1255 2206 1490 2261 multisque
1539 2202 1615 2242 im·
1663 2203 1667 2255 ἢ

262 2311 416 2354 bribus
453 2313 497 2347 et
534 2318 674 2362 prope
710 2293 970 2340 intolerabili
1008 2289 1269 2344 tempestate
1302 2285 1489 2325 vexatus,
1517 2287 1617 2332 pro·
1641 2255 1668 2333 l

265 2383 421 2427 cedere
457 2386 620 2425 tamen,
659 2387 746 2430 quo
777 2367 1035 2412 intenderat,
1066 2353 1364 2417 perseveravit.
1420 2350 1615 2389 Ventum
1633 2342 1670 2396 lii

266 2461 361 2498 erat
398 2451 452 2492 ad
488 2449 571 2489 iter
607 2441 827 2504 perpetuis
865 2437 1056 2479 obsitum
1095 2430 1275 2477 nivibus,
1316 2437 1421 2482 quas
1448 2418 1618 2476 frigoris
1664 2398 1669 2465 ξ

265 2558 529 2573 ———-—-

266 2626 283 2650 1
314 2630 440 2657 antea.
680 2614 700 2638 2
735 2613 930 2645 iactantes.
1170 2597 1189 2626 3
1217 2593 1408 2642 pecuniae.
1434 2587 1616 2634 captivae.

355 2679 376 2708 4
402 2672 616 2707 dubitamus
641 2675 704 2700 aut
732 2665 932 2699 credimus.
1040 2656 1058 2683 5
1084 2653 1238 2686 talenta.
1331 2647 1351 2672 6
1378 2644 1618 2678 talentorum.

357 2731 373 2757 7
404 2722 676 2761 ΝὶυητιΙιὶιΙε-ἠῐ.
855 2718 874 2744 ὃ
903 2710 1206 2749 Parmenionem.
