1703 2961
0 0 25 45 υ

453 187 536 231 DE
565 188 771 235 GESTIS
798 194 967 240 ALEX.
990 200 1046 249 V,
1075 202 1144 246 33.
1416 209 1494 255 145

129 294 269 337 stedia
290 299 305 321 ¹
339 295 429 340 eius
457 301 625 352 assueti,
656 318 766 361 quos
794 308 904 363 regis
932 310 1116 355 salutem
1156 316 1222 358 vel
1259 319 1488 374 periculis²

127 366 239 408 vitae
269 369 382 410 tueri
414 372 660 426 oportebat,
692 375 840 433 dilapsi
871 389 985 433 sunt,
1011 387 1237 438 armatis,³
1271 406 1380 447 quos
1399 394 1487 438 iam

125 438 360 481 adventare
392 443 645 493 credebant,
677 444 794 488 haud
835 452 917 492 rati
947 469 991 496 se
1019 455 1193 501 futuros
1222 476 1360 517 pares.
1418 467 1487 509 In-

119 522 228 564 gens
260 526 362 567 ergo
393 512 437 554 in
467 514 752 560 tabernaculo
790 521 979 565 solitudo
1011 535 1118 576 erat,
1150 533 1300 586 paucis
1329 537 1485 591 spado-

122 580 264 629 nibus,
299 583 397 639 quia
436 600 523 641 quo
569 586 845 633 discederent
880 610 971 637 non
1008 597 1253 654 habebant,
1297 606 1482 650 circum-

0 638 21 696 'r
57 653 334 694 gostantibus
369 670 530 712 regem.
597 659 658 700 At
696 661 774 711 ille,
816 667 997 709 remotis
1039 672 1223 725 arbitris,
1259 676 1331 718 diu
1364 679 1479 724 aliud

0 717 3 733 '
120 731 252 780 atque
281 725 398 767 aliud
431 730 661 772 consilium
701 734 850 777 animo
881 738 1118 788 volutabat.
1176 747 1354 806 lamque
1386 754 1482 795 soli-

117 796 329 844 tudinem,
373 813 506 854 quam
535 803 666 858 paulo
697 813 798 847 ante
826 823 908 864 pro
942 811 1096 855 solatio
1127 818 1351 873 petiverat,
1384 840 1480 881 per-

0 862 22 940 ,ᾗ
56 881 101 905 11
121 882 230 917 osus,
274 869 484 912 Bubacen
530 875 677 917 vocari
717 877 851 921 iubet.
911 880 1057 936 Quem
1087 885 1274 939 intuens,
1308 897 1480 946 1c0,in-

115 939 221 995 quit,
251 944 460 983 consulite
489 946 630 994 vobis,
674 952 735 990 ad
771 953 968 995 ultimum
1005 961 1102 1012 regi
1136 973 1298 1014 vestro,
1328 980 1379 1010 uc
1404 972 1476 1010 de-

111 1012 246 1060 eabae,
264 1013 366 1068 fide
399 1019 610 1059 exhibita.
664 1024 764 1076 Ego
784 1027 856 1065 lzic
878 1029 1013 1081 legem
1030 1029 1136 1089 sati
1165 1039 1250 1076 mei
1277 1054 1470 1093 expecto.

109 1086 316 1126 Forsitan
354 1090 538 1139 mireris,
581 1096 699 1147 quod
737 1099 880 1139 vitam
907 1116 991 1142 non
1005 1103 1192 1160 finiam:
1220 1111 1364 1154 alieno
1386 1130 1472 1155 sce·

49 1156 209 1204 12Iere,
239 1173 366 1212 quam
403 1177 507 1210 meo,
547 1168 659 1207 mori
691 1170 816 1212 malo.
873 1171 977 1214 Post
1003 1175 1117 1220 hanc
1146 1195 1304 1223 vocem
1333 1187 1472 1241 spado

109 1227 274 1283 gemitu
308 1246 400 1273 non
440 1234 777 1282 tabernaculum
817 1243 1006 1292 m0d0,⁴
1049 1247 1125 1289 sed
1166 1252 1301 1294 etiam
1331 1265 1470 1301 castra

109 1300 358 1356 complevit.
429 1306 634 1364 Irrupere
675 1310 832 1354 deinde
881 1315 970 1366 alii,
1012 1318 1298 1382 laceratisque
1342 1329 1469 1369 vesti-

107 1368 188 1411 bus
225 1371 396 1429 lugubri
436 1385 480 1419 et
509 1379 700 1423 barbaro
733 1383 896 1427 ululatu
925 1403 1075 1432 reoem
1108 1392 1338 1450 deplorare
1369 1416 1467 1442 coe-

41 1451 272 1498 13perunt.
329 1445 499 1501 Persae,
529 1451 585 1493 ad
616 1452 709 1495 illos
741 1454 934 1501 clamore
953 1420 1139 1517 pzrlato,
1171 1469 1349 1511 attoniti
1375 1487 1466 1514 me-

103 1519 175 1563 tu,
215 1518 298 1557 ne‘c
337 1532 459 1562 arma
510 1538 688 1580 capere,
743 1542 799 1569 ne
839 1529 884 1572 in
920 1533 1181 1579 Bactrianos
1206 1538 1464 1598 inciderent,

102 1599 185 1626 nec
217 1587 438 1642 quiescere
471 1593 704 1647 audebant,
737 1614 792 1640 ne
830 1600 966 1660 impie
997 1607 1195 1652 deserere
1225 1626 1375 1670 regern
1404 1618 1466 1659 vi-

41 1656 323 1701 14derentur.
390 1661 549 1706 Varius
590 1681 641 1709 ac
685 1669 883 1715 dissonus
922 1676 1092 1721 clamor
1128 1682 1221 1726 sine
1255 1685 1368 1729 duce
1408 1703 1460 1733 ac

98 1727 190 1770 sine
218 1731 405 1787 imperio
436 1736 541 1777 totis
574 1740 723 1783 castris
753 1743 1034 1790 referebatur.

179 1802 314 1844 Besso
354 1811 399 1846 et
435 1807 682 1852 Nabarzani
721 1817 1032 1863 nuntiaverant
1059 1824 1140 1877 sui,

94 1874 282 1931 metipso
327 1875 644 1936 interemptum
692 1901 796 1930 esse.

17 942 21 956 Ι

18 964 21 999 l

17 1081 22 1166 l

1169 1841 1318 1886 regem
1349 1847 1372 1874 a
1395 1836 1518 1880 se-34

851 1891 1059 1936 Planctus
1103 1912 1177 1940 eos
1208 1901 1455 1961 deceperat.

33 1946 242 2002 ultaque
274 1946 415 1990 citatis
442 1951 562 2007 equis
592 1954 808 2010 advolant,
841 1967 1123 2021 sequentibus
1151 1987 1260 2028 quos
1289 1975 1345 2017 ad
1376 1981 1457 2022 mi-

92 2016 320 2059 nisterium
359 2021 530 2065 sceleris
572 2025 841 2085 delegerant3
888 2042 931 2078 et
977 2054 1082 2081 cum
1119 2043 1455 2094 tabernaculum

92 2087 347 2142 intrassent,
397 2093 497 2150 quia
547 2111 621 2138 recy

596 2114 696 2154 oem
734 2103 877 2156 vivere
916 2111 1133 2165 spadones
1181 2114 1454 2172 indicabant,

33 2169 81 2198 16
95 2161 410 2217 comprehendi
450 2165 692 2228 vincirique
728 2175 958 2223 iusserunt.
1025 2184 1119 2226 Rex
1155 2202 1287 2231 curru
1315 2195 1450 2249 paulo

93 2238 192 2272 ante
240 2241 391 2277 vectus
430 2244 472 2278 et
511 2240 697 2285 deorum
734 2249 936 2305 auspiciis
972 2269 1022 2297 ac
1058 2255 1144 2299 suis
1167 2257 1443 2309 honoribus⁵

92 2302 242 2350 cultus,
269 2305 385 2348 nulla
425 2318 599 2354 externa
640 2332 724 2374 ope
757 2321 955 2376 admota,

89 2387 281 2423 suorum,

995 2327 1190 2384 captivus
1217 2348 1445 2382 servorum

310 2377 355 2419 in
381 2383 609 2427 sordidum
639 2387 887 2435 vehiculum
917 2397 1101 2453 pellibus
1119 2404 1314 2463 undique
1343 2426 1446 2453 con-

29 2452 254 2507 17tectum
289 2447 544 2507 imponitur.
615 2460 805 2506 Pecunia
846 2468 958 2526 regis
1005 2477 1049 2513 et
1085 2473 1274 2531 supellex
1320 2485 1444 2539 quasi

87 2570 105 2595 1
133 2573 342 2608 custodiae.
611 2583 631 2609 2
655 2587 842 2631 periculo.

169 2627 192 2656 4
229 2640 310 2662 non
345 2633 462 2668 modo
501 2636 810 2678 tabernaculum.

168 2678 397 2719 honoribus.

1096 2596 1117 2628 3
1142 2612 1248 2637 cum
1275 2609 1440 2644 armatis.

1059 2651 1080 2680 5
1115 2653 1277 2693 deorum
1310 2672 1332 2695 a
1365 2664 1440 2698 suis

1129 2768 1173 2813 K
