1703 2961
5 432 7 440 -
1 379 6 407 —
0 177 16 370 ’ἠχὴ-Αἷμ-

394 146 476 187 DE
519 144 733 188 GESTIS
769 145 938 189 ALEX.
967 144 1044 198 lv,
1073 145 1138 186 18.
1393 137 1452 187 59,

91 265 171 308 rat,
200 256 376 315 triginta
404 257 651 302 minoribus
679 259 857 315 navigiis
886 258 1049 301 relictis
1072 259 1115 298 in
1134 257 1280 298 litore:
1304 269 1326 294 e
1354 249 1452 308 vqui-

92 330 172 371 bus
207 331 327 388 Tyrii
370 331 542 373 duobus
579 331 739 385 captis,
776 338 921 374 cetera
963 330 1126 387 ingenti
1156 331 1409 370 terruerunt
1432 326 1444 346 ¹

92 409 224 451 metu,
256 403 414 452 donec,
443 417 625 455 suorum
656 403 848 445 clamore
886 404 1047 452 audito,
1074 401 1319 443 Alexander
1350 397 1454 443 clas7

41 488 59 514 7
91 488 184 514 sem
215 474 342 524 litori,
373 490 396 515 a
421 477 439 499 ²
483 489 570 532 quo
610 474 810 517 fremitus
838 476 1069 524 acciderat,
1097 473 1306 515 admovit.
1366 469 1456 512 Pr}-

91 560 164 585 ma
194 562 215 586 e
240 547 256 573 3
303 546 606 589 Macedonum
644 547 827 589 navibus
869 546 1196 605 quinqueremis
1224 543 1456 601 velocitate

91 617 205 658 inter
245 626 410 660 ceteras
448 618 645 660 eminens
685 620 914 675 occurrit,·
941 635 1075 677 quam
1100 626 1162 671 ,ut
1190 629 1457 673 conspexere

91 689 251 746 Tyriae
276 694 314 740 4,
356 690 466 731 duae
508 706 558 731 cx
583 693 598 718 ⁵
646 691 817 747 diversio
857 693 901 745 in
940 691 1076 743 latera
1125 690 1230 742 eius,
1258 689 1456 730 invectae

91 768 205 812 sunt,
236 762 280 803 in
318 777 508 820 quarum
553 762 737 805 alteram
768 762 1282 822 quinqueremis2eadem
1313 759 1458 809 conci-

91 840 181 874 tata
213 841 257 875 et
280 834 373 891 ipsa
404 843 550 878 rostro
581 836 667 877 icta
715 845 792 886 est,
827 844 871 878 et
919 837 1038 878 illam
1076 835 1266 888 invicem
1301 831 1459 888 tenuit*

0 917 11 945 'l
41 919 60 946 8
93 905 275 963 Iamque
315 922 377 958 ea,
419 923 530 965 quae
569 923 662 948 non
693 908 971 960 cohaerebat,
1001 909 1139 950 libero
1169 908 1339 963 impetu
1369 919 1463 945 eve·

95 985 178 1027 cta,
208 978 253 1019 in
281 979 398 1021 aliud
430 980 757 1037 quinqueremis
784 980 1232 1035 latus·invehebatur,>
1255 993 1359 1021 curn
1383 992 1463 1033 op-

92 1052 366 1107 portunitate
399 1052 511 1093 mira
544 1052 736 1093 triremis
776 1069 799 1094 e
838 1052 970 1095 classe
1006 1050 1243 1095 Alexandri
1279 1050 1325 1090 in
1363 1063 1462 1090 eam

94 1121 254 1178 ipsam,
311 1138 424 1180 quae
469 1123 775 1180 quinqueremi
817 1124 1107 1172 imminebat,
1158 1129 1281 1164 tanta
1312 1120 1354 1162 vi
1384 1120 1463 1161 im-

93 1193 216 1250 pulsa
258 1201 335 1242 est,
373 1202 424 1236 ut
460 1196 618 1253 Tyrius
651 1196 922 1251 gubernator
953 1196 1002 1238 in
1034 1210 1158 1239 mare
1185 1199 1465 1236 excuteretur

41 1281 61 1312 9
97 1281 121 1306 e
156 1267 309 1323 puppi.
373 1266 525 1309 Plures
561 1267 719 1309 deinde
755 1268 1060 1310 Macedonum
1095 1283 1226 1309 naves
1264 1279 1466 1321 superve-

95 1337 236 1387 niunt,
278 1345 322 1379 et
358 1353 433 1381 rex
473 1355 651 1396 quoque
702 1340 872 1381 aderat:
913 1357 1016 1383 cum
1055 1339 1177 1397 Tyrii
1214 1338 1467 1379 inhibentes

95 1411 227 1452 remis
265 1426 392 1467 aegre
431 1411 613 1453 evellere
648 1427 820 1462 navem,
858 1428 970 1468 quae
1007 1411 1468 1468 haerebat,·p0rtum-

98 1499 183 1540 que
214 1483 364 1524 omnia
394 1483 521 1524 simul
552 1483 720 1540 navigia
748 1491 970 1540 repetunt.
1029 1483 1280 1526 Confestim
1302 1497 1378 1523 rex
1406 1480 1471 1520 in-

99 1563 273 1597 secutus
304 1563 487 1611 portum
519 1556 699 1612 quid-em
730 1556 894 1597 intrare
918 1571 1013 1597 non
1042 1556 1201 1612 potuit,
1235 1570 1336 1598 cum
1367 1569 1471 1612 pro-

97 1628 167 1668 cul
200 1643 222 1670 e
270 1627 410 1668 muris
460 1627 695 1668 missilibus
733 1635 1111 1680 summoveretur,
1152 1643 1286 1671 naves
1321 1635 1471 1671 autem

101 1712 256 1741 omnes
278 1698 370 1740 fere
396 1706 473 1740 aut
507 1699 726 1749 demersit,
759 1706 837 1742 aut
867 1699 999 1756 cepit.

35 1818 86 1843 10
182 1799 329 1842 Biduo
363 1799 522 1841 deinde
555 1798 611 1840 ad
643 1798 837 1856 quietern
869 1798 975 1841 dato
1004 1799 1231 1851 militibus,
1260 1800 1536 1859 iussisque19

103 1880 149 1915 et
189 1872 371 1915 classem
412 1879 457 1914 et
496 1869 723 1913 machinas
761 1871 930 1928 pariter
968 1873 1226 1922 admovere,
1267 1880 1318 1921 ut
1351 1874 1478 1916 undi-

106 1962 190 2004 que
213 1947 234 1971 ⁶
264 1944 425 1986 territis
455 1944 648 1994 instaret,
677 1944 769 2000 ipse
798 1944 844 1986 in
872 1944 1126 1987 altissimam
1140 1951 1311 1985 turrem
1328 1959 1478 1986 ascen-

44 2035 88 2058 11
107 2018 183 2067 dit,
225 2017 389 2074 ingenti
429 2016 591 2065 animo,
631 2016 829 2073 periculo
873 2017 1058 2060 maiore.
1146 2016 1324 2073 Quippe
1355 2016 1476 2073 regio

107 2090 260 2147 insigni
297 2097 341 2131 et
377 2088 509 2130 armis
547 2088 814 2147 fulgentibus
853 2089 1129 2146 conspicuus,
1167 2103 1281 2130 unus
1310 2089 1480 2145 praeci-

107 2178 195 2221 pue
220 2162 317 2204 telis
344 2161 592 2217 petebatur.
650 2161 712 2204 Et
741 2161 869 2218 digna
899 2177 1078 2218 prorsus
1107 2160 1361 2219 spectaculo
1390 2160 1481 2202 edi-

110 2236 195 2278 dit:
251 2233 416 2275 multos
459 2249 484 2274 e
523 2233 661 2275 muris
704 2242 1035 2290 propugnantes
1084 2234 1211 2276 hasta
1253 2232 1477 2284 transfixit,

111 2307 329 2365 quosdam
382 2305 515 2347 etiam
561 2306 763 2348 cominus
802 2305 946 2362 gladio
990 2307 1233 2365 clypeoque
1266 2304 1479 2363 impulsos

112 2378 428 2436 praecipitavit,
463 2378 628 2436 quippe
666 2379 811 2428 turris,
850 2393 901 2420 ex
937 2394 1023 2436 qua
1062 2377 1313 2429 dimicabat,
1340 2378 1485 2419 muris>

49 2449 305 2492 12hostium
353 2451 686 2509 propemodum
730 2449 1011 2493 cohaerebat.
1089 2444 1278 2507 Iamque
1314 2448 1481 2493 crebris

114 2587 132 2612 1
158 2594 382 2624 terruerant.
542 2586 562 2613 2
595 2598 629 2621 e.
795 2585 815 2616 3
853 2596 888 2621 a.
1076 2586 1100 2619 4
1123 2584 1246 2633 Tyrii.
1398 2584 1420 2614 5
1444 2594 1479 2620 e.

204 2639 226 2666 6
256 2641 463 2688 utrimque.
