1703 2961
459 130 541 172 DE
582 127 793 173 GESTIS
822 131 993 172 ALEX.
1024 132 1091 174 lx.
1117 130 1185 174 34.
1425 136 1506 179 335

141 242 249 284 tiora
280 242 403 284 nosci
444 257 570 297 posse
612 242 826 296 sperabat.
892 242 955 284 Illi
997 245 1177 306 scrutati
1209 247 1354 288 omnia
1383 254 1508 306 tugu-

89 320 112 349 6
142 315 218 361 ria,
248 315 429 356 tandem
454 314 636 355 latentes
668 329 911 368 repperere.
963 315 1048 369 Qui
1074 316 1340 373 interrogati,
1371 336 1506 377 quam

141 387 295 441 procul
328 387 495 428 abesset
526 387 675 435 mare?
706 387 1039 440 responderunt,
1073 389 1240 429 nullum
1273 389 1387 444 ipsos
1416 408 1507 433 ma-

141 473 189 500 re
217 475 272 500 ne
300 459 418 500 fama
452 457 630 514 quidem
661 459 897 512 accepisse:
929 465 1125 500 ceterum
1153 460 1285 501 tertio
1318 461 1388 502 die
1410 478 1506 517 per-

139 530 276 571 veniri
313 545 438 586 posse
479 529 533 569 ad
576 544 736 586 aquam
777 543 998 579 amaram,
1046 545 1158 586 quae
1199 542 1506 589 corrumperet

140 602 329 643 dulcem.
388 601 664 643 Intellectum
703 607 787 648 est,
828 616 950 642 mare
1001 601 1206 643 destinari
1252 604 1306 644 ab
1346 605 1504 662 ignaris

89 685 106 710 ⁷
139 682 324 715 naturae
365 673 468 714 eius.
536 673 688 729 ltaque
722 673 884 730 ingenti
921 673 1144 714 alacritate
1184 677 1347 717 nautici
1377 678 1507 719 remi·

71 759 84 766 ·
137 753 252 801 gant,
286 753 329 786 et
362 745 562 799 proximo
613 760 789 802 quoque
831 744 911 794 die,
951 760 1038 800 quo
1078 746 1257 800 propius
1295 764 1389 803 spes
1430 751 1502 791 ad-

136 817 412 867 movebatur,
452 817 677 859 crescebat
718 816 852 858 ardor
890 816 1157 859 animorum.
1222 820 1374 862 Tertio
1412 822 1501 864 iam

139 890 209 931 die
247 891 434 931 mixtum
473 889 644 930 flumini
687 889 864 930 subibat
899 903 1047 939 mare,
1082 890 1166 931 leni
1201 891 1346 935 adhuc
1379 902 1503 935 aestu

86 970 104 997 8
139 962 439 1004 confundente
489 962 680 1016 dispares
725 962 880 1003 undas.
957 961 1074 1002 Tum
1132 962 1263 1005 aliam
1313 965 1502 1007 insulam

135 1034 282 1076 medio
324 1035 442 1076 amni
480 1034 609 1076 sitam
648 1034 785 1076 evecti
821 1033 950 1089 paulo
989 1032 1170 1082 lentius,
1211 1037 1312 1091 quia
1350 1053 1500 1080 cursus

136 1114 257 1148 aestu
294 1107 678 1156 reverberabatur,
719 1105 936 1160 applicant
977 1104 1178 1156 classem,
1218 1115 1261 1148 et
1291 1109 1346 1150 ad
1381 1126 1501 1152 com-

132 1185 305 1219 meatus
334 1179 550 1233 petendos
577 1178 842 1224 discurrunt,
872 1175 1013 1217 securi
1042 1192 1166 1219 casus
1191 1179 1294 1229 eius,
1331 1182 1406 1239 qui
1433 1198 1501 1224 su-

133 1252 333 1305 pervenit
350 1245 532 1307 ignaris.

47 1344 54 1356 ·
78 1330 101 1361 9
218 1321 364 1364 Tertia
386 1321 526 1363 ferme
555 1321 666 1362 hora
689 1327 794 1369 erat,
819 1334 921 1361 cum
949 1326 1058 1361 stata
1079 1321 1174 1364 viee
1198 1323 1406 1368 Oceanus
1431 1330 1560 1373 ex-35

131 1402 333 1436 aestuans
359 1392 505 1435 invehi
551 1393 697 1448 coepit
726 1400 769 1434 et
797 1400 915 1433 retro
944 1391 1112 1435 flumen
1140 1411 1307 1453 urgere.
1361 1399 1497 1455 Quod

129 1467 274 1522 primo
308 1466 566 1522 coercitum,
596 1466 753 1507 deinde
781 1464 1081 1506 vehementius
1110 1468 1296 1521 pulsum,
1327 1472 1496 1515 maiore

131 1542 301 1594 impetu
332 1539 563 1580 adversum
597 1538 817 1593 agebatur,
865 1552 1000 1593 quam
1028 1540 1496 1599 torrentiapraecipiti

70 1611 249 1653 10alve0
283 1610 529 1653 incurrunt.
589 1612 742 1666 Ignota
770 1609 897 1665 vulgo
927 1607 1028 1650 freti
1058 1619 1217 1654 natura
1239 1622 1342 1666 erat,
1368 1632 1497 1659 mon-

127 1691 303 1741 straque
333 1690 375 1724 et
400 1682 488 1723 irae
511 1682 644 1725 deum
660 1681 818 1723 indicia
837 1695 1016 1723 cernere
1043 1683 1318 1728 videbantur.
1364 1689 1495 1731 Iden-

128 1756 268 1797 tidem
299 1754 627 1796 intumescens¹
669 1770 793 1796 mare
835 1762 878 1795 et
920 1753 966 1794 in
1002 1770 1183 1810 campos
1217 1758 1350 1812 paulo
1391 1769 1493 1802 ante

69 1838 110 1861 1¹
130 1827 269 1869 siccos
309 1826 577 1867 descendere
616 1826 907 1881 superfusum.
974 1829 1160 1885 Iamque
1199 1829 1348 1871 levatis
1378 1834 1493 1873 navi<

128 1899 216 1957 giis,
251 1906 295 1939 et
335 1905 429 1939 tota
464 1897 597 1940 classe
638 1898 851 1953 dispersa,
892 1899 965 1956 qui
1004 1900 1182 1955 expositi
1215 1911 1341 1944 erant
1370 1905 1494 1945 undi-

128 1987 212 2028 que
243 1970 298 2011 ad
336 1985 466 2011 naves
500 1970 658 2025 trepidi
697 1979 740 2012 et
771 1971 1009 2026 improviso
1052 1972 1171 2013 malo
1211 1976 1386 2017 attoniti
1428 1992 1494 2018 re-

18 2072 30 2075 „
67 2055 114 2079 12
132 2049 327 2086 currunt.
384 2041 470 2084 Sed
501 2041 546 2083 in
573 2043 767 2084 tumultu
798 2043 1020 2085 festinatio
1053 2059 1229 2101 quoque
1254 2048 1378 2089 tarda
1412 2058 1489 2091 est.

124 2114 181 2155 Hi
213 2114 356 2156 contis
390 2114 558 2171 navigia
599 2115 895 2170 appellebant,
931 2115 976 2156 hi
1020 2117 1127 2157 dum
1165 2133 1311 2160 remos
1350 2123 1490 2176 aptari

65 2200 109 2228 13
126 2184 434 2241 prohibebant,
466 2180 783 2229 consederant.⁴
838 2187 1033 2243 Quidam
1075 2190 1303 2246 enavigarr¹
1333 2208 1490 2248 prope-

123 2264 284 2305 rantes,
320 2258 395 2298 sed
432 2272 524 2298 non
561 2258 816 2312 expectatis,
855 2259 928 2317 qui
969 2260 1098 2301 simul
1132 2277 1221 2303 esse
1251 2263 1486 2313 debebant,

128 2328 281 2371 clauda
302 2337 345 2371 et
367 2329 576 2370 inhabilia
607 2329 775 2386 navigia
804 2329 1005 2387 languide
1033 2333 1350 2377 moliebantur:
1380 2336 1488 2378 aliae

123 2400 304 2442 navium
332 2401 580 2443 inconsulte
611 2408 789 2443 ruentes
818 2417 909 2443 non
929 2414 1210 2459 receperant3
1238 2407 1488 2464 pariterque

64 2492 113 2517 14
126 2479 171 2513 et
197 2472 432 2514 multitudo
464 2481 506 2516 et
549 2473 747 2530 paucitas
775 2474 1029 2518 festinantes
1056 2478 1331 2530 morabatur.
1391 2478 1488 2522 Cla-

120 2636 139 2659 1
165 2635 436 2671 intumescere.
