1703 2961
241 112 270 156 4
692 115 747 168 Q.
780 113 979 153 CURTII
1008 111 1149 153 RUFI

244 233 382 260 natura
408 223 648 264 describitur.
676 225 754 269 (11)
786 224 896 268 Pylas
924 224 1087 258 Ciliciae
1114 230 1223 258 caute
1249 225 1386 269 intrat,
1413 224 1565 260 Tarson
1590 235 1613 260 a

245 287 365 321 Persis
399 284 556 319 incendi
602 293 780 331 coeptam
819 295 986 330 propero
1029 285 1198 320 adventu
1244 293 1377 320 servat.
1444 290 1526 331 (12)
1568 287 1613 318 1η

246 347 384 392 Cydno
410 346 655 402 frigidissimo
689 355 802 403 amne
828 346 959 398 lavans
984 348 1087 392 gravi
1103 347 1249 400 .¹¹¹t0.¹b⁰
1267 346 1488 397 corripitur,
1514 358 1612 392 quae

244 420 302 442 res
340 407 602 441 Macedonum
627 401 777 440 animos
813 406 961 452 ingenti
998 414 1141 442 terrore
1165 408 1354 454 percellit.
1420 408 1502 452 (13)
1527 409 1614 454 lpse

245 481 311 503 rex
335 470 458 505 celere
492 469 705 502 remedium
751 468 888 515 poscit,
934 470 1103 513 quamvis
1128 470 1409 515 periculosum,
1474 469 1613 503 frustra

246 529 537 565 dehortantibus
562 529 708 562 amicis.
757 527 839 574 (14)
866 529 1048 577 Philippo
1078 531 1265 564 Acarnani
1293 530 1445 563 medico
1469 530 1509 563 id
1529 531 1612 576 pol-

244 594 397 636 licenti,
430 598 651 637 contempta
668 584 934 625 Parmenionis
965 590 1253 635 admonitione,
1299 590 1417 625 fidem
1439 590 1615 634 habens,

247 656 330 700 (15)
373 652 699 687 medicamentum
720 651 939 699 praebitum
974 652 1112 686 haurit.
1139 653 1222 698 (16)
1251 653 1345 686 Mox
1379 653 1614 699 convalescit

247 714 341 750 cum'
381 708 636 763 gratulatione
662 699 1050 760 'Macedonum'regis
1078 725 1208 757 amore
1230 713 1487 759 flagranti-um.

293 778 375 824 (17)
403 777 512 811 Solos
530 775 782 822 progreditur,
805 786 874 821 per
903 775 1021 808 otium
1047 776 1101 809 ibi
1126 777 1236 809 ludos
1260 776 1407 810 votivos
1433 775 1614 814 celebrat,

246 839 338 872 inde
377 840 484 872 Isson
515 838 633 883 petit,
661 837 796 871 'locum
834 844 991 882 pugnae
1030 836 1280 881 aptissimum.
1341 837 1423 882 (18)
1459 838 1612 870 Sisenes

244 901 370 942 Persa,
404 899 503 933 inter
538 899 682 931 amicos
716 899 821 931 Alex.
861 903 1047 943 receplus‚
1089 898 1139 931 ob
1165 898 1323 931 inanem
1350 898 1613 944 suspicionem

244 960 428 1008 perfidiae
462 961 504 993 in
532 959 671 992 itinere
704 957 946 992 interficitur.
1003 958 1086 1002 (19)
1123 958 1260 993 Darius
1287 968 1418 994 auctus
1445 961 1610 994 Graeco-

245 1035 329 1057 rum
358 1021 683 1055 mercenariorum
725 1021 847 1066 copiis
896 1028 930 1053 et
972 1019 1137 1053 consilio
1176 1028 1277 1053 retro
1312 1022 1480 1056 abeundi
1517 1022 1611 1055 divi·

245 1085 442 1129 dendique
474 1083 659 1116 exercitus
686 1090 812 1129 spreto
846 1084 927 1126 (ΩΟ)
953 1093 1020 1127 per
1047 1081 1154 1127 pylas
1179 1083 1377 1117 Amanicas
1404 1084 1612 1117 exercitum

245 1147 287 1179 in
321 1140 732 1179 Ciliciam’iminittitz'
785 1144 863 1177 Isso
904 1150 989 1188 post
1015 1143 1221 1176 Alexandri
1256 1152 1360 1191 terga
1396 1153 1519 1191 capta,
1545 1145 1612 1177 ubi

243 1207 396 1240 relictos
440 1206 488 1239 de
523 1206 690 1239 exercitu
722 1205 1004 1248 Macedonum,
1055 1205 1132 1238 iam
1162 1216 1232 1250 per
1261 1206 1369 1251 pylas
1403 1206 1534 1250 Syriae
1568 1206 1612 1238 in

243 1268 393 1313 Syriam
419 1277 728 1313 progressorum,
778 1268 956 1312 excepit,'
995 1265 1043 1299 ad
1074 1265 1257 1300 Pinarum
1300 1278 1473 1309 amnem,
1517 1274 1612 1301 tam-

244 1342 360 1376 quam
390 1336 655 1375 persecuturus
673 1347 675 1351 ⁴
695 1329 839 1368 hostes,
867 1328 1055 1374 procedit.
1114 1328 1196 1372 (21)
1231 1328 1467 1371 Alexander,
1505 1338 1607 1362 com-

243 1398 352 1439 perto
385 1391 550 1425 Darium
574 1402 672 1424 cum.
695 1391 802 1425 omni
827 1390 995 1423 exercitu
1018 1389 1061 1422 in
1087 1389 1267 1423 Ciliciam
1295 1390 1444 1424 diverso
1471 1391 1609 1425 itinere

242 1451 503 1494 descendisse,
547 1463 730 1485 converso
759 1451 912 1497 agmine
944 1458 984 1483 et
1016 1451 1099 1497 ipse
1141 1462 1209 1497 per
1244 1453 1434 1497 angustias
1473 1453 1607 1498 (pylas

243 1515 405 1560 Syriae)
443 1514 484 1547 in
512 1513 693 1547 Ciliciam
727 1512 775 1546 ad
807 1512 1000 1558 proelium
1031 1517 1183 1556 paratus
1208 1512 1317 1546 redit.
1369 1514 1458 1559 (22)
1485 1515 1609 1548 Etiam

241 1577 378 1610 Darius
406 1588 492 1608 cum
531 1575 771 1621 cognovisset
805 1585 887 1606 non
917 1572 1050 1616 fugere
1075 1572 1331 1615 Macedones,
1372 1576 1438 1608 sed
1464 1576 1504 1609 in
1539 1577 1607 1620 Sy-

238 1639 336 1672 riam
368 1647 585 1683 progressos
609 1637 686 1669 iam
716 1636 891 1669 adversus
925 1635 1051 1678 ipsum
1079 1635 1229 1672 reverti,
1253 1637 1453 1681 pugnandi
1479 1638 1605 1669 consi-

237 1700 333 1733 lium
362 1698 528 1744 expedit.
577 1697 661 1742 (23)
684 1696 922 1729 Describitur
937 1695 1135 1728 Pei-sarum
1158 1696 1272 1736 acies,
1296 1697 1387 1730 item
1415 1697 1605 1743 (24,)7ΜῑιΔ

238 1761 444 1795 cedonum.
504 1759 587 1804 (25)
612 1758 827 1792 Alexander
861 1756 1054 1802 proelium
1079 1757 1314 1803 ingressurus
1340 1759 1443 1792 varia
1467 1759 1603 1793 adhor-

235 1822 380 1854 tatione
419 1822 566 1854 animos
603 1821 769 1854 militum
804 1830 962 1852 suorum
989 1816 1126 1862 firmat,
1167 1819 1249 1863 (26)
1283 1826 1366 1853 tum
1389 1829 1602 1866 equestrem

233 1894 405 1928 pugnam
443 1883 482 1915 in
515 1881 647 1915 dextro
684 1893 802 1915 cornu
831 1892 899 1914 suo
934 1880 1155 1922 committit,
1190 1880 1432 1915 immobilem
1467 1890 1503 1914 et
1536 1894 1601 1915 an-

236 1944 404 1989 cipitem.
453 1942 535 1987 (27)
562 1943 738 1977 Tandem
765 1943 886 1976 multa
909 1950 1029 1988 strage
1052 1942 1155 1975 facta
1179 1941 1348 1976 delectos
1366 1943 1474 1977 Darii
1495 1944 1601 1990 equi-a

234 2012 288 2038 tes
321 2004 525 2048 ipsumque
553 2011 679 2049 regem
716 2007 759 2038 in
786 2006 915 2050 sugam
938 2004 1060 2045 vertit,
1088 2010 1126 2036 et
1150 2011 1356 2049 postquam
1379 2005 1421 2038 in
1445 2006 1599 2040 sinistro

235 2077 392 2110 quoque
417 2077 538 2098 cornu
571 2064 748 2098 Thessali
781 2067 927 2112 equites
953 2067 1144 2108 vicerunt,
1191 2065 1273 2111 (28)
1300 2067 1376 2100 iam
1405 2069 1599 2113 utrimque

232 2127 352 2160 victos
396 2126 525 2160 hostes
566 2127 826 2172 persequitur,
887 2128 1035 2161 diversa
1077 2128 1166 2172 fuga
1206 2128 1366 2161 salutem
1407 2136 1594 2174 petentes.

234 2188 364 2221 Castra
402 2188 697 2233 opulentissima.
727 2189 942 2235 capiuntur,
985 2189 1068 2235 (29)
1103 2196 1140 2221 et
1171 2189 1211 2221 in
1252 2188 1300 2221 iis
1336 2197 1456 2222 mater
1503 2202 1594 2224 con-

232 2249 402 2294 iunxque
438 2250 549 2282 Darii
584 2261 672 2282 cum
704 2251 848 2285 liberis.
898 2252 1107 2284 Caesotum
1136 2251 1183 2283 ab
1210 2257 1369 2296 utraque
1395 2259 1500 2297 parte
1526 2264 1595 2285 nu-

229 2321 367 2344 merus.
443 2311 526 2355 (30)
558 2311 774 2345 Alexander
810 2324 831 2345 a
866 2312 1140 2358 persequendis
1183 2311 1356 2344 hostibus
1399 2314 1440 2346 in
1475 2321 1595 2347 castra

228 2384 395 2407 reversus
438 2373 692 2406 lamentantes
716 2373 825 2406 Darii
849 2374 974 2407 vicem
1006 2385 1164 2406 uxorem
1191 2380 1425 2419 matremque
1457 2386 1592 2408 conso-

226 2435 346 2476 latur,
390 2435 501 2467 misso
531 2434 752 2477 Leonnato,
795 2435 879 2480 (31)
911 2446 955 2468 ac
990 2435 1147 2480 sepultis
1181 2446 1376 2469 caesorum
1423 2437 1589 2483 corpori·-

225 2496 294 2529 bus
327 2497 408 2539 ipse
437 2506 591 2540 quoque
621 2508 707 2529 cum
735 2496 1023 2541 Hephaestione
1051 2497 1195 2538 reginas
1222 2497 1361 2539 visitat,
1399 2500 1482 2542 (32)
1507 2499 1589 2532 lau.

223 2557 423 2601 dabilique
465 2556 670 2590 clementia
715 2564 751 2589 et
787 2558 1016 2591 abstinentia
1059 2557 1234 2592 adversus
1267 2569 1327 2591 eas
1365 2570 1445 2592 sese
1475 2560 1583 2605 gerit.

221 2618 303 2662 (3.3)
329 2617 506 2651 Exercitu
531 2618 571 2650 in
604 2619 752 2663 Syriam
784 2626 904 2664 moto,
951 2620 1153 2654 Parmenio
1192 2620 1418 2666 praemissus
1448 2626 1583 2666 quarto
