1703 2961
414 58 496 101 DE
527 56 735 100 GESTlS
768 55 935 98 ALEX.
965 54 1059 105 VH,
1092 53 1156 96 16.
1387 53 1468 95 215

45 185 149 218 1351.-
184 183 291 216 ruet.
356 172 564 218 Consilio,
600 185 685 213 non
716 171 894 224 impetu,
932 184 1041 224 opus
1071 179 1151 210 esc.
1199 164 1364 208 Adiieit
1393 165 1464 207 de-

105 247 219 294 inde,
247 244 367 300 quod
398 244 514 300 apud
544 242 800 284 Bactrianos
832 241 958 298 vulgo
986 240 1276 296 usurpabant,
1307 252 1462 279 canem

101 316 305 358 timidum
346 314 650 357 vehementius
684 313 859 363 latrare,
892 327 1024 370 quam
1056 311 1282 360 mordere,
1312 309 1462 351 altissi-

100 403 172 429 ma
200 402 399 444 quaeque
437 387 620 427 flumina
661 385 849 426 minimo
885 399 996 427 sono
1035 383 1136 426 labi.
1195 382 1320 436 Quae
1348 382 1458 423 inse-

98 460 178 510 rui,
220 466 269 500 ut
306 460 618 516 qualiscunque
658 457 772 497 inter
808 457 1020 498 barbaros
1062 454 1207 512 potuit
1237 469 1326 495 esse
1354 469 1454 510 pru-

35 546 80 572 14
93 530 262 580 dentia,
313 531 570 572 traderetur.
648 529 726 569 His
773 529 1045 570 audientium
1100 525 1451 583 expectationem

29 630 34 635 —
95 603 393 658 suspenderat.
417 606 430 626 ¹
491 603 609 642 Tum
650 599 883 641 consilium
923 601 1084 658 aperit,
1123 599 1271 640 utilius
1299 599 1450 646 Besso,

95 689 229 731 quam
259 674 434 731 gratius,
501 678 555 715 In
583 674 815 721 vestibulo,
844 673 994 730 inquit
1029 675 1172 726 regiae
1200 683 1302 713 tuae
1330 672 1448 712 velo·

93 751 288 788 cissimus
316 750 521 790 consiscit
545 763 637 788 rex.
683 752 795 788 Ante
815 748 889 787 ille
919 763 1082 800 agmen,
1114 761 1240 802 quam
1270 755 1319 786 cu
1339 760 1449 785 men-

36 834 186 862 lssam
217 824 350 862 istam
379 821 583 863 movebis.
631 823 759 861 IVunc
789 821 842 861 ab
877 822 1012 862 Tanai
1045 821 1283 861 exercitum
1313 832 1448 859 accer-

89 911 180 944 ses,
213 905 259 936 ec
294 897 427 936 armis
444 892 639 952 flumina
678 909 882 947 oppones.
929 895 1109 935 Scilicet
1137 908 1223 947 qua
1254 902 1303 933 cu
1317 887 1447 947 fugi-

87 977 211 1008 curus
244 984 299 1015 es,
328 970 470 1008 hostis
494 970 616 1022 sequi
639 982 722 1009 non
745 969 922 1021 potest!
944 969 1038 1007 Icer
1066 967 1238 1020 utrique
1263 978 1445 1006 commu·

87 1056 138 1081 ne
168 1050 255 1089 esc,
296 1042 462 1081 victori
497 1043 648 1082 tucius.
700 1042 832 1082 Licet
865 1049 1082 1081 strenuum
1119 1048 1276 1078 metum
1313 1046 1444 1091 putes

24 1129 73 1159 16
86 1129 190 1162 esse,
232 1114 421 1154 velocior
458 1122 601 1153 tamen
639 1129 738 1167 spes
770 1123 850 1154 esc.
911 1113 1029 1175 Quin
1053 1112 1290 1152 validioris
1319 1124 1442 1151 occu-

83 1203 166 1243 pas
191 1187 396 1240 graciam,
433 1186 641 1240 dedisque
666 1188 738 1226 ce?
766 1196 976 1241 utcunque
1002 1186 1192 1231 cesserit,
1223 1184 1441 1224 meliorem

22 1278 67 1305 17
77 1259 301 1319 fortunam
342 1259 520 1298 deditus
552 1273 678 1312 quarn
713 1261 855 1300 hostis
883 1259 1118 1298 habiturus.
1148 1258 1345 1298 Alienum
1368 1257 1439 1294 ha-

82 1334 154 1374 bes
191 1347 380 1385 regnum,
419 1345 502 1386 quo
518 1328 711 1387 facilius
740 1347 788 1373 eo
818 1347 977 1372 careas.
1031 1325 1440 1386 Incipiessorsican

81 1409 222 1447 iustus
248 1419 339 1444 esse
363 1418 455 1452 rex,
486 1417 577 1442 cum
610 1405 704 1456 ipse
718 1400 899 1458 fecerit,
932 1407 1008 1460 qui
1035 1405 1120 1445 cibi
1149 1413 1194 1443 ec
1226 1404 1332 1442 dure
1363 1417 1438 1454 po-

19 1489 167 1520 1stesc
195 1492 370 1530 regnum
400 1486 445 1518 eb
486 1479 661 1530 eripere.
719 1477 956 1518 Consilium
996 1477 1126 1517 habes
1142 1475 1295 1533 fidele,
1323 1477 1440 1531 quod

81 1554 249 1593 diucius
275 1552 432 1603 exequi
459 1565 769 1603 supervacuum
800 1560 880 1591 esc.
921 1551 1100 1593 Nobilis
1129 1564 1260 1604 equus
1289 1549 1439 1590 umbra

80 1639 246 1681 quoque
293 1625 449 1675 virgae
484 1625 676 1676 regitur5
731 1624 920 1676 ignavus
956 1639 1007 1664 ne
1055 1623 1219 1663 calcari
1263 1625 1438 1679 quidem

16 1709 63 1740 19
79 1698 290 1739 concitari
325 1705 488 1750 potest.
549 1695 726 1742 Bessus,
767 1701 811 1735 et
849 1693 1022 1750 ingenio
1065 1702 1109 1735 et
1136 1693 1279 1736 multo
1311 1710 1436 1737 mero

75 1770 213 1817 ferOX,
252 1768 362 1810 adeo
400 1766 566 1817 exarsit,
610 1774 660 1807 ut
696 1767 765 1808 vix
792 1767 847 1808 ab
878 1765 1041 1816 amicis,
1071 1782 1160 1823 quo
1186 1769 1334 1809 minus
1364 1784 1436 1811 oc-

76 1841 242 1884 cideret
271 1855 385 1889 eum,
413 1841 539 1890 (nam
568 1838 801 1880 strinxerat
833 1854 1010 1895 quoque
1041 1838 1300 1894 acinacem)
1333 1856 1437 1884 con-

19 1952 21 1957 .
71 1913 298 1955 tineretur.
358 1911 492 1954 Certe
532 1911 770 1953 convivio2
811 1910 1043 1968 prosiluit³
1086 1912 1434 1970 haudquaquam

71 1992 230 2042 potens
269 1983 439 2025 mentis.
506 1984 698 2026 Gobares
735 1983 850 2026 inter
884 1983 1128 2026 tumultum
1167 1985 1347 2041 elapsus,
1377 1985 1434 2027 ad

69 2056 367 2100 Alexandrum
394 2055 636 2113 transfugit.

153 2142 228 2170 vlu
264 2127 384 2170 milia
421 2129 763 2171 Bactrianorum
808 2129 1002 2170 habebat
1047 2136 1214 2170 armata
1262 2132 1500 2183 Bessus‚17

72 2217 196 2259 quae,
228 2200 440 2258 quamdiu
465 2208 652 2258 propter
681 2201 790 2244 coeli
817 2201 1128 2259 intemperiem
1157 2201 1329 2243 Indiam
1358 2218 1437 2259 po-

72 2275 158 2316 tius
195 2272 466 2316 Macedonas
503 2273 719 2330 petituros
748 2274 1040 2323 crediderant,
1072 2273 1332 2317 obedienter
1359 2274 1438 2317 im-

76 2452 94 2476 1
119 2452 181 2486 Ex
207 2450 355 2485 emend.
384 2451 506 2487 Cocld.
537 2454 578 2487 in
595 2453 654 2486 his
670 2453 910 2487 audientium
925 2454 1231 2500 expectationem
1252 2454 1309 2487 sui
1330 2464 1439 2497 spem

166 2505 336 2538 dederat.
383 2507 509 2553 Vulgo
534 2508 575 2541 in
602 2507 662 2542 his
688 2508 928 2542 audientium
955 2520 1179 2554 suspensam
1205 2507 1361 2541 dederat
1377 2518 1437 2540 ex-

161 2559 424 2605 pectationem
448 2562 520 2595 sui.
723 2561 745 2587 ²
770 2572 789 2595 θ
817 2562 1010 2602 convivio.
1186 2563 1204 2592 3
1229 2562 1434 2608 prosilivit.
