1703 2961
421 155 502 197 DE
533 153 742 197 GESTIS
773 151 941 195 ALEX.
969 154 1042 205 VI,
1074 155 1108 197 1.
1379 158 1456 203 157

98 268 347 314 hementius
386 266 515 308 fuisse
550 263 792 307 memoriae
827 264 1055 321 proditum
1101 275 1178 309 est.
1255 269 1457 314 Duarum

98 341 468 385 nobilissimarum
497 337 609 379 bello
641 336 835 392 gentium
867 337 1078 379 exercitus
1099 340 1190 394 pari
1208 341 1351 384 Marte
1382 358 1460 398 pu-

47 429 64 456 8
95 414 300 471 gnabant.
361 408 695 452 Lacedaemonii
722 415 881 455 vetera,
914 409 1184 452 Macedones
1213 417 1456 468 praesentia

99 485 259 527 decora
291 482 590 525 intuebantur:
625 478 679 519 illi
709 493 790 535 pro
823 480 1036 529 libertate,
1078 482 1122 523 hi
1150 498 1230 537 pro
1261 485 1459 529 domina-

96 558 216 599 tione
256 554 529 612 pugnabant:
569 551 928 593 Lacedaemoniis
977 554 1087 602 dux,
1138 555 1459 601 Macedonibus

43 645 64 676 9
96 630 217 670 locus
246 627 408 668 deerat.
465 622 564 663 Dici
594 637 768 679 quoque
802 623 927 665 unius
955 632 1045 666 tam
1077 627 1305 683 multiplex
1336 646 1460 673 casus

98 700 236 740 modo
265 712 399 754 spem,
439 696 575 736 modo
618 703 789 735 metum
833 696 1060 754 utriusque
1099 700 1233 753 partis
1261 703 1461 758 augebat,

97 771 215 812 velut
243 770 296 811 de
326 767 536 809 industria
566 767 677 807 inter
708 767 968 810 fortissimos
998 770 1113 811 viros
1143 780 1368 815 certamen
1394 791 1463 816 ae-

37 859 86 884 10
101 849 263 900 quante
290 840 483 882 fortuna.
545 839 755 881 Ceterum
783 841 1004 898 angustiae
1036 842 1134 892 loci,
1167 843 1212 884 in
1244 860 1331 901 quo
1361 845 1464 888 hae-

99 921 215 956 serat
250 927 406 970 pugna‚
433 927 525 952 non
561 911 844 967 patiebantur
891 912 995 955 totis
1026 914 1191 970 ingredi
1215 919 1227 940 ¹
1280 918 1465 961 viribus:

98 985 418 1042 expectabant²
449 998 550 1039 ergo
586 983 732 1040 plures
772 999 906 1040 quam
949 984 1137 1028 inierant
1162 989 1392 1043 proelium,
1420 999 1465 1034 et

98 1061 173 1116 qui
203 1065 318 1099 extra
351 1056 422 1098 teli
458 1055 624 1097 iactum
659 1063 785 1096 erant
828 1056 1021 1098 clamore
1045 1057 1235 1101 invicem
1265 1077 1366 1105 suos
1396 1079 1466 1108 ac-

103 1131 365 1174 cendebant.

41 1219 84 1243 11
184 1202 386 1244 Tandem
414 1199 646 1240 Laeonum
678 1199 792 1241 acies
821 1200 1112 1257 languescere,
1140 1202 1308 1247 lubrica
1342 1222 1466 1252 arma

102 1275 261 1317 sudore
291 1274 360 1315 vix
394 1272 619 1321 sustinens,
660 1271 820 1328 pedem
851 1272 1009 1315 deinde
1036 1274 1201 1318 referre
1233 1279 1393 1335 coepit,
1424 1288 1469 1323 et

41 1361 87 1386 12
103 1353 283 1404 urgente
319 1345 447 1386 hoste
490 1344 682 1401 apertius
721 1343 919 1400 fugere.³
993 1348 1313 1405 Insequebatur
1353 1351 1470 1394 dissi-

100 1428 229 1478 patos
266 1418 422 1464 victor,
462 1424 506 1458 et
546 1431 747 1457 emensus
788 1431 917 1458 cursu
949 1433 1082 1460 omne
1113 1421 1317 1476 spatium,
1347 1425 1469 1480 quod

104 1493 219 1535 acies
255 1490 486 1532 Laconum
524 1489 787 1537 obtinuerat,
826 1489 971 1544 ipsum
998 1491 1147 1546 Agin‘*
1179 1496 1471 1551 persequeba-

43 1578 88 1606 13
106 1573 188 1607 tur.
246 1564 332 1614 Ille,
363 1569 413 1603 ut
438 1561 588 1617 fugam
613 1574 796 1600 suorum
826 1567 869 1618 et
898 1561 1122 1615 proximos
1150 1562 1347 1606 hostium
1367 1583 1472 1610 con-

104 1636 256 1694 spexit,
294 1634 456 1691 deponi
495 1648 539 1674 se
582 1632 724 1672 iussit:
757 1639 1042 1689 expertusque
1066 1637 1282 1687 membra,
1313 1654 1369 1680 an
1391 1640 1471 1682 im-

41 1724 89 1749 14
103 1717 257 1767 petum
289 1706 423 1748 animi
454 1704 782 1761 sequipossent,
809 1711 1045 1761 postquam
1071 1706 1256 1750 deficere
1284 1712 1429 1762 sensit,
1449 1713 1464 1739 ⁵

105 1779 344 1839 poplitibus
375 1784 515 1819 semet
544 1775 724 1831 excepit,
752 1775 960 1834 galeaque
986 1785 1162 1821 strenue
1190 1790 1380 1838 sumpta,
1401 1783 1472 1824 cli-

103 1867 189 1910 peo
216 1859 448 1908 protegens
489 1863 673 1904 corpus,
709 1846 883 1889 hastam
926 1850 1074 1892 dextra
1113 1853 1327 1902 vibrabat,
1357 1855 1473 1897 ultro

103 1938 267 1966 vocans
303 1922 490 1970 hostem,
532 1920 565 1961 si
605 1919 698 1976 quis
723 1919 882 1962 iacenti
909 1921 1046 1978 spolia
1072 1923 1249 1966 demere
1276 1926 1472 1968 auderet.

44 1997 202 2038 15Nec
230 1994 463 2051 quisquam
495 1992 592 2041 fuit,
629 1991 701 2048 qui
738 1993 971 2035 sustineret
1010 1996 1212 2038 cominus
1254 2000 1474 2054 congredi.

107 2065 269 2108 Procul
312 2063 545 2105 missilibus
583 2063 890 2119 appetebatur,
929 2080 976 2107 ea
1007 2067 1098 2123 ipsa
1126 2068 1173 2109 in
1201 2067 1375 2112 hostem
1406 2086 1473 2114 re·-

106 2144 331 2194 torquens,
374 2136 517 2177 donec
552 2135 704 2176 lancea
743 2136 865 2191 nudo
901 2139 1073 2193 pectori
1112 2138 1239 2182 infixa
1271 2151 1354 2185 est:
1388 2160 1474 2202 qua

106 2225 157 2251 ex
185 2209 361 2250 vulnere
392 2207 547 2258 evulsa,
576 2206 836 2249 inclinatum
863 2224 912 2251 ac
940 2209 1153 2252 deficiens.
1178 2221 1311 2269 caput
1329 2215 1473 2272 clipeo

106 2279 325 2337 paulisper
363 2280 545 2336 excepit,
586 2279 745 2320 deinde
778 2280 1002 2337 linquente
1041 2284 1193 2339 spiritu
1223 2287 1389 2341 pariter
1419 2304 1471 2330 ac

47 2352 326 2408 16sanguine‚
364 2350 656 2393 moribundus
693 2351 739 2392 in
778 2366 899 2393 arma
934 2355 1187 2410 procubuit.
1257 2357 1472 2402 Cecidere

104 2423 559 2465 Lacedaemoniorum
614 2435 641 2465 v
673 2423 793 2465 milia
832 2431 876 2465 et
913 2428 1039 2478 cce,⁶
1071 2444 1122 2470 ex
1149 2428 1472 2474 Macedonibus

107 2550 127 2574 1
152 2550 345 2596 congredi.
518 2551 539 2576 2
563 2552 801 2597 spectabant.
972 2554 993 2586 3
1023 2557 1152 2603 coepit
1176 2565 1334 2603 urgente
1357 2558 1470 2594 hoste

198 2614 252 2637 ac
278 2604 440 2650 apertius
467 2605 610 2652 fugere·
808 2607 832 2640 4
854 2605 977 2654 Agim.
1182 2612 1201 2639 5
1228 2610 1391 2646 deficere
1418 2623 1469 2647 se

194 2658 324 2694 sensit.
524 2658 545 2685 6
578 2671 704 2696 οοοωι.
