1703 2961
229 120 350 154 xxvr
624 116 629 123 ⁴
665 99 1141 150 PRAEFATIO.

233 225 375 273 omni
408 239 464 271 re
497 220 830 286 exprimenda
862 235 1034 287 argute
1069 222 1271 272 dicendi
1292 224 1513 274 studium
1546 237 1596 272 et

232 292 488 338 brevitatis
525 288 777 350 quaedam
818 288 946 335 falsa
989 293 1212 352 species,
1259 294 1409 338 etiam
1452 294 1595 338 omit-

233 356 399 403 tendis
438 357 679 401 orationis
720 355 985 415 particulis
1019 355 1261 417 verbique
1299 357 1596 403 substantivi

231 422 410 468 formis
456 435 566 466 sese
613 419 865 481 prodens,
909 420 1039 467 haec
1086 424 1255 467 omnia
1301 421 1440 484 apud
1474 424 1597 470 Cur-

232 490 382 544 tium,
419 487 459 532 si
493 487 547 531 in
578 487 870 530 universum
905 484 1122 543 iudices,
1156 503 1265 533 non
1293 489 1521 550 reperiri,
1557 490 1599 534 si

234 552 434 615 singula
455 552 738 597 accuratius
766 550 1021 612 explores,
1055 554 1154 597 iam
1176 556 1598 615 appropinquare

234 631 286 665 et
315 618 461 680 quasi
492 615 736 678 protendi
772 615 1020 663 censebis.
1055 618 1315 664 Pertinere
1343 619 1446 665 huc
1462 618 1600 665 vide·-

235 697 318 730 tur
357 683 1057 745 omissio-praepositionum
1099 683 1150 728 in
1195 695 1244 728 et
1287 682 1371 742 ab,
1411 696 1461 730 et
1500 684 1598 730 fre-

234 764 398 811 quens
436 748 685 809 imprimis
707 749 977 793 accusativi
995 747 1135 809 apud
1158 746 1478 807 infinitivum,
1514 749 1598 795 da-

233 816 321 862 tivi
358 825 409 860 et
437 814 708 859 accusativi
744 827 864 857 usus
901 812 964 858 ad
995 814 1179 859 Graeci
1211 817 1458 861 sermonis
1477 831 1599 877 pro-

233 882 509 943 prietatem
553 876 995 935 accommodatus,
1032 880 1272 940 poeticae
1317 895 1469 926 voces
1513 878 1603 926 sed

236 944 513 991 admodum
538 959 696 1006 parce
733 954 783 989 et
808 942 1039 989 modeste
1081 957 1379 1006 usurpatae,
1427 946 1602 1007 quales

237 1023 357 1058 sunt
387 1011 592 1066 iuventa,
624 1024 802 1065 saevus,
833 1008 944 1067 alia,
978 1024 1108 1070 quae
1141 1012 1262 1070 quia
1300 1022 1419 1057 sunt
1448 1010 1603 1057 subti-

234 1078 388 1133 liora,
424 1077 592 1121 minus
624 1073 755 1120 bene
789 1073 956 1120 verbis
989 1076 1235 1135 explicari
1265 1092 1417 1137 quam
1451 1091 1605 1122 sen-su

233 1143 439 1205 percipi
468 1151 703 1202 possunt.
771 1140 1058 1200 Praecipue
1087 1142 1139 1185 in
1159 1139 1500 1187 describendis
1529 1142 1605 1186 lo-

239 1210 309 1255 cis
345 1220 395 1253 et
427 1205 720 1268 regionibus
766 1207 1051 1250 orationem
1087 1208 1308 1266 poeticis
1345 1205 1603 1253 coloribus

237 1273 518 1335 distinguit,
564 1270 653 1317 sed
695 1269 782 1316 ubi
830 1270 894 1316 ad
937 1285 1107 1316 rerum
1146 1285 1398 1332 gestarum
1436 1287 1606 1317 narra-

237 1342 433 1385 tionem
466 1335 718 1399 procedit,
754 1337 964 1397 antiqua
998 1337 1294 1397 simplicitas
1316 1338 1495 1395 elucet,
1516 1353 1605 1382 ne-

237 1420 340 1466 que
382 1419 494 1449 eam
531 1418 640 1447 non
679 1400 877 1463 prodit,
919 1400 1008 1446 ubi
1049 1400 1111 1446 de
1151 1402 1433 1449 admirabili
1475 1404 1604 1464 regis

238 1471 443 1533 ingenio
473 1469 701 1528 exponit,
734 1482 889 1528 quem
918 1466 1096 1512 locum
1129 1482 1237 1514 non
1270 1467 1446 1514 dubito
1481 1470 1608 1528 quin

239 1535 589 1598 posteriorum
624 1534 786 1594 quivis
830 1533 1052 1595 argutius
1085 1543 1136 1577 et
1169 1534 1483 1581 ambitiosius
1510 1546 1607 1578 tra-

243 1613 466 1648 ctaturus
502 1598 696 1644 fuisset.

372 1667 549 1725 Itaque
593 1661 1026 1724 quemadmodum
1071 1664 1302 1710 Curtium
1343 1664 1459 1725 ipso
1497 1678 1608 1708 ora-

241 1733 396 1778 tionis
431 1745 616 1792 genere
649 1729 810 1790 paulo
843 1730 1184 1790 antiquiorem
1227 1728 1381 1774 fuisse
1419 1744 1605 1775 censeo

240 1798 452 1853 Velleio,
488 1810 800 1856 quamquam
833 1810 939 1839 non
977 1810 1097 1839 sane
1134 1794 1350 1839 multum
1384 1796 1607 1851 interest,

244 1865 317 1909 sic
352 1873 514 1907 aetate
552 1862 769 1905 anteisse
805 1862 1028 1906 invenio.
1096 1859 1228 1905 Nam
1260 1860 1494 1905 Porcium
1513 1861 1608 1905 La-

244 1941 458 1984 tronem,
495 1928 581 1987 qui
617 1927 846 1972 Curtium
884 1927 937 1970 in
971 1925 1138 1971 indice
1174 1925 1403 1971 Suetonii
1435 1927 1609 1987 proxi-

243 2010 326 2040 me
369 1990 646 2047 antecedit,
694 1992 1025 2052 semetipsum
1076 1989 1245 2035 inedia
1296 1992 1608 2036 interemisse

247 2070 448 2106 constat
483 2073 544 2102 ex
578 2056 784 2102 Eusebii
820 2056 1065 2101 chronico
1104 2055 1487 2118 quadragesimo
1521 2057 1610 2101 im-

244 2126 378 2188 perii
412 2123 623 2185 Augusti
662 2138 811 2177 anno,
848 2122 901 2166 id
927 2133 1002 2166 est
1036 2137 1081 2167 u.
1118 2137 1159 2167 c.
1197 2122 1305 2178 751,
1339 2134 1456 2167 ante
1491 2121 1609 2167 Chr.

246 2202 351 2236 nat.
387 2191 560 2245 tertiO,
593 2189 766 2233 aetatis
802 2203 936 2232 anno
971 2185 1130 2232 ferme
1168 2188 1344 2247 quinto
1381 2199 1430 2232 et
1468 2189 1612 2247 quin-

249 2256 560 2317 quagesimo.
629 2255 744 2299 Fuit
779 2254 912 2298 enim
947 2253 1002 2297 L.
1036 2254 1260 2298 Senecae
1293 2252 1509 2297 rhetoris
1534 2268 1613 2297 so-

247 2322 399 2378 dalis,
430 2334 585 2380 quem
626 2335 685 2363 ex
730 2319 1001 2380 prooemio
1047 2316 1159 2361 libri
1198 2319 1348 2378 primi
1396 2319 1610 2364 Contro-

246 2388 527 2434 versiarum
562 2384 910 2445 intelligimus,
955 2398 1090 2427 anno
1128 2397 1174 2428 u.
1211 2399 1252 2428 c.
1291 2382 1399 2430 711.
1439 2399 1495 2428 ea
1532 2399 1612 2427 ae-

250 2465 351 2498 tate
387 2450 566 2507 fuisse,
612 2462 667 2495 ut
709 2451 1012 2495 Ciceronem
1061 2447 1197 2493 domi
1243 2447 1612 2494 declamantem

253 2517 424 2563 audire
454 2517 697 2577 potuerit.
768 2516 851 2561 Sic
886 2515 1022 2559 enim
1057 2514 1168 2558 ille:
1207 2515 1304 2558 Nec
1344 2515 1612 2560 Ciceronem

253 2583 447 2645 quidem
485 2592 617 2628 aetas
661 2580 780 2627 mila·
823 2581 1092 2642 eripuerat,
1128 2579 1209 2625 secl
1239 2577 1472 2626 bellorum
1505 2579 1615 2624 civi-

1698 1331 1703 1354 ¹1

1698 1367 1702 1401 l

1698 1419 1701 1439 ι

1698 1486 1701 1504 ι

1698 1568 1702 1589 ι

1699 1640 1703 1676 i

1699 1689 1703 1705 Ι

1699 1719 1703 1747 l

1699 1748 1703 1801 i

1701 1866 1703 1902 i

1701 1906 1703 1948 l

1701 1953 1703 1972 ι

1701 1975 1703 1993 ι

1701 2048 1703 2065 1

1701 2098 1703 2120 1
