1703 2961
460 135 543 177 DE
582 131 788 178 GESTIS
819 131 986 174 ALEx.
1020 130 1137 180 VIII,
1165 126 1205 170 4.
1413 127 1495 168 253

143 251 309 306 opinor,
348 249 466 304 quod
502 246 753 288 avunculum
793 255 911 286 cuum
948 248 994 286 in
1030 244 1169 284 Italia
1210 242 1380 283 dixisse
1403 256 1495 283 con—

139 334 244 371 stat,
275 324 415 376 ipsum
447 321 492 360 ἰη
517 321 640 360 viros
665 319 885 366 incidisse,
917 328 962 359 te
989 318 1034 357 ἰη
1050 313 1265 372 seminas.

77 405 124 435 39
218 393 339 436 Nihil
383 407 433 434 ex
471 389 674 431 omnibus
707 389 952 430 inconsulte
988 394 1037 429 a'c
1071 395 1240 428 temere
1279 385 1400 426 iactis
1430 399 1496 425 re-

137 481 236 522 gem
266 464 402 521 magis
435 466 646 510 moverat,
687 475 820 517 quam
860 458 1161 501 Parmenionis
1192 473 1293 500 cum
1323 456 1495 497 honore

139 537 307 578 mentio
339 537 464 577 illata.
502 532 716 574 Dolorem
749 539 899 572 tamen
943 546 1017 572 rex
1050 530 1216 586 pressit,
1264 535 1498 571 contentus

73 609 304 650 39iussisse
342 614 391 648 ut
430 603 630 648 convivio
670 603 910 645 excederet.
981 603 1076 646 ,Nec
1107 603 1344 660 quicquam
1376 599 1497 641 aliud

139 679 311 728 adiecit,
355 692 487 734 quam
522 675 709 717 forsitan
749 689 864 723 eum,
903 675 937 716 si
975 674 1136 716 diutius
1163 674 1334 716 locutus
1364 673 1492 720 foret,

139 750 506 807 exprobraturum
543 746 621 788 sibi
658 746 790 788 fuisse
829 747 963 787 vitam
1003 761 1026 788 a
1057 747 1290 803 semetipso
1322 745 1497 791 datamjv

77 823 227 864 40hoc
256 821 374 862 enim
413 819 600 876 superbe
638 833 766 876 saepe
802 818 994 860 iactasse.
1060 819 1205 875 Atque
1238 817 1360 858 illum
1391 817 1495 858 cun'-

137 900 332 936 ctantem
359 891 504 933 adhuc
536 904 721 945 surgere,
753 890 826 947 qui
852 889 1039 946 proximi
1071 890 1108 931 ei
1146 890 1404 935 cubuerant,
1433 888 1496 928 in-

134 965 257 1008 iectis
286 963 502 1012 manibus,
536 963 758 1017 iurgantes
776 968 1097 1019 monentesque
1125 962 1404 1003 conabantur
1425 960 1498 1001 ab-

70 1049 120 1076 41
138 1038 310 1079 ducere.
379 1033 518 1077 Clitus
559 1049 662 1075 cum
693 1033 1032 1083 abstraheretur,
1059 1033 1114 1074 ad
1144 1034 1376 1089 pristinam
1405 1033 1496 1074 vio-

134 1108 316 1150 lentiam
356 1106 419 1146 ira
460 1120 636 1162 quoque
677 1105 870 1153 adiecta,
907 1119 987 1145 suo
1027 1112 1210 1161 pectore
1252 1113 1422 1162 tergum
1449 1104 1496 1144 il-

133 1179 214 1220 lius
241 1193 330 1220 esse
361 1177 613 1228 defensum3
642 1191 774 1225 nunc,
802 1182 1040 1232 postquam
1068 1177 1179 1217 tanti
1203 1177 1350 1219 meriti
1371 1191 1495 1233 prae-

133 1249 330 1292 terierit¹
364 1255 552 1305 tempus,
582 1248 713 1289 etiam
743 1247 1011 1288 memoriam
1052 1248 1236 1289 invisam
1277 1263 1367 1290 esse
1393 1263 1496 1305 pro-

69 1338 119 1365 42
134 1321 304 1363 clamat·
368 1320 499 1361 Attali
531 1334 707 1376 quoque
738 1319 920 1360 caedem
951 1318 1199 1370 obiiciebat,
1231 1327 1275 1362 et
1313 1321 1369 1362 ad
1399 1321 1496 1362 ulti-

134 1407 260 1434 mum
302 1390 433 1441 Iovis,
476 1406 609 1448 quem
645 1398 817 1447 patrem
858 1390 938 1431 sibi
982 1392 1228 1434 Alexander
1268 1401 1493 1442 assereret,

135 1463 363 1506 oraculum
394 1462 584 1511 eludens,
614 1462 783 1503 veriora
812 1477 856 1502 se
887 1462 989 1519 regi,
1022 1479 1156 1521 quam
1184 1471 1357 1520 patrem
1389 1465 1494 1516 eius,

70 1551 121 1580 43
136 1535 408 1592 respondisse
441 1534 627 1575 dicebat.
670 1536 769 1574 Iam
797 1541 973 1575 tantum
997 1535 1086 1576 irae
1119 1544 1386 1591 conceperat
1404 1552 1493 1585 rex,

135 1614 350 1663 quantum
386 1606 455 1646 vix
486 1604 656 1646 sobrius
683 1604 799 1645 ferre
828 1606 1054 1661 potuisset.
1111 1607 1352 1649 Enimvero
1385 1609 1492 1651 olim

68 1691 256 1722 umero
289 1676 483 1718 sensibus
521 1676 656 1723 victis,
692 1691 743 1717 ex
780 1677 894 1718 lecto
934 1686 1115 1734 repente
1145 1678 1353 1735 prosiluit.
1412 1682 1498 1723 At-

135 1748 265 1791 toniti
297 1748 440 1798 amici,
481 1763 537 1789 ne
571 1747 723 1803 positis
759 1748 950 1805 quidem,
989 1749 1065 1791 sed
1104 1750 1284 1792 abiectis
1312 1753 1496 1807 poculis,

134 1827 414 1876 consurgunt,
441 1819 486 1860 in
518 1826 724 1861 eventum
753 1820 830 1869 rei,
865 1835 1000 1877 quam
1027 1828 1150 1863 tanto
1181 1822 1349 1879 impetu
1376 1832 1495 1866 actu-

70 1912 118 1939 45
135 1906 209 1934 rus
248 1899 369 1942 esset,
410 1891 580 1932 intenti.
642 1891 902 1941 Alexander,
938 1900 1064 1948 rapta
1093 1892 1246 1935 lancea
1276 1910 1326 1936 ex
1355 1897 1496 1938 mani-

133 1964 215 2005 bus
246 1963 459 2019 armigeri,
500 1961 666 2005 Clitum
705 1963 850 2006 adhuc
887 1964 1043 2005 eadem
1079 1964 1249 2021 linguae
1278 1967 1492 2025 intempe-

131 2035 273 2076 rantia
312 2034 532 2075 furentem
577 2043 810 2092 percutere
848 2044 1044 2086 conatus,
1089 2051 1112 2077 a
1152 2038 1406 2080 Ptolemaeo
1447 2047 1491 2081 et

72 2107 346 2152 46Perdicca
383 2104 618 2148 inhibetur.
684 2107 886 2149 Medium
933 2108 1150 2165 complexi
1189 2105 1231 2151 et
1271 2111 1487 2153 obluctari

130 2184 484 2235 perseverantem
513 2179 824 2229 morabantur;
854 2179 1141 2238 Lysimachus
1171 2188 1214 2222 et
1234 2181 1487 2224 Leonnatus

65 2269 113 2296 47
132 2251 264 2292 etiam
301 2250 499 2291 lanceam
540 2250 820 2293 abstulerant.
880 2251 958 2311 Ille
997 2252 1189 2293 militum
1228 2252 1364 2295 fidem
1406 2255 1488 2296 im-

129 2323 317 2377 plorans,
355 2321 671 2378 comprehendi
701 2337 745 2364 se
775 2337 800 2364 a
833 2323 1044 2379 proximis
1073 2324 1331 2376 amicorum,
1364 2327 1486 2383 quod

129 2393 277 2434 Dareo
329 2407 473 2448 nuper
519 2393 765 2443 accidisset,
813 2394 1048 2446 exclamat,
1085 2396 1343 2455 signumque
1379 2399 1487 2440 tuba

61 2479 110 2507 48
129 2464 235 2514 dari,
264 2471 315 2505 ut
343 2464 399 2505 ad
436 2464 600 2521 regiam
638 2466 794 2508 armati
831 2466 1016 2516 coirent,
1046 2467 1180 2513 iubet.
1235 2470 1352 2512 Tum
1377 2485 1484 2513 vero

124 2629 143 2653 1
168 2629 374 2675 praeteriit.

1535 383 1558 424 Ul
