1703 2961
233 169 312 212 134
694 172 751 228 Q.
783 172 988 220 CURTu
1016 176 1158 221 Ruri

238 281 374 339 sepeli
411 282 637 339 profectus
683 292 788 337 erat,
837 289 996 330 eodem
1048 290 1192 333 rediit.
1269 290 1402 334 Dona
1439 289 1598 334 deinde
1617 287 1698 336 zoi·

244 354 394 396 amicis
423 357 665 414 ceterisque
708 373 790 415 pro
822 361 1029 418 cuiusque
1060 363 1219 404 merito
1247 363 1378 406 dedit.
1438 364 1601 420 Prope-

246 427 433 468 modum
465 429 626 480 omnia,
660 445 772 486 quae
800 432 846 473 in
876 449 926 475 ea
955 434 1063 475 urbe
1094 442 1283 492 ceperat,
1315 435 1556 478 distributa.

186 532 241 570 22
336 526 545 571 Ceterum
582 531 771 587 ingentia
806 534 939 576 animi
965 535 1096 584 bona,
1129 536 1248 578 illam
1280 536 1485 587 indolem,
1515 551 1600 594 qua
1613 547 1698 581 vui.

252 615 406 642 omnes
447 618 567 657 reges
604 605 854 655 antecessit,
890 607 1009 648 illam
1049 609 1093 650 in
1129 608 1367 650 subeundis
1405 608 1608 665 periculis

253 674 568 724 constantiam,
609 676 654 717 in
689 678 819 720 rebus
845 680 1075 722 moliendis
1105 680 1430 737 efficiendisque
1455 680 1613 722 veloci-

253 752 404 795 tatem,
445 746 490 788 in
525 748 726 792 deditos¹
778 750 924 803 fidem,
964 753 1008 794 in
1046 753 1272 809 captivos²
1317 752 1613 803 clementiam,
1670 760 1673 767 ⁴

255 817 299 858 in
338 818 633 874 voluptatibus
681 824 902 879 permissis
937 841 1114 882 quoque
1156 832 1199 866 et
1236 824 1403 866 usitatis
1445 831 1614 880 tempe·
1669 851 1671 854 -

254 890 456 942 rantiam,
489 890 607 934 haud
636 895 849 938 tolerabili
878 897 966 938 vini
997 898 1231 955 cupiditate
1258 896 1465 938 foedavit.
1525 897 1613 937 Ho-
1644 911 1671 936 α»

256 968 320 1003 ste
353 970 396 1004 et
436 966 608 1006 aemulo
647 968 767 1024 regni
807 976 1040 1026 reparante
1079 969 1404 1011 cummaxime³
1438 968 1615 1019 bellum,
1669 958 1671 963 ,

258 1050 401 1091 nuper
450 1037 640 1080 subactis
696 1055 805 1097 quos
866 1041 1052 1093 vicerat,
1089 1056 1344 1099 novumque
1380 1040 1618 1098 imperium

262 1111 614 1165 aspernantibus,
657 1111 711 1153 de
755 1113 824 1154 die
858 1113 998 1154 inibat
1031 1113 1249 1164 convivia,
1299 1112 1457 1171 quibus
1496 1111 1622 1154 femi·
1666 1116 1668 1122 '

261 1196 344 1222 nae
377 1181 630 1233 intererant,
670 1199 762 1226 non
802 1184 981 1242 quidem
1018 1201 1124 1243 quas
1157 1185 1307 1227 violari
1343 1184 1467 1227 nefas
1497 1192 1621 1236 esset,
1664 1219 1680 1245 ¹.

263 1253 425 1310 quippe
457 1254 643 1310 pellices,
683 1256 883 1298 licentius
919 1273 1054 1314 quam
1095 1257 1282 1300 decebat
1313 1273 1416 1300 cum
1448 1263 1623 1298 armato
1664 1277 1667 1289 ·

261 1325 406 1366 vivere
439 1333 645 1368 assuetae.
706 1328 772 1369 Ex
800 1327 867 1369 his
898 1344 984 1370 una
1017 1328 1161 1380 Thais,
1195 1339 1239 1371 et
1263 1330 1353 1386 ipsa
1370 1329 1624 1380 temulenta,
1653 1332 1666 1371 :⁸

263 1398 501 1439 maximam
540 1399 657 1456 apud
703 1415 857 1441 omnes
905 1399 1141 1442 Graecos4
1189 1401 1401 1442 initurum
1437 1400 1625 1458 gratiam

266 1470 466 1521 affirmat,
507 1472 539 1512 si
568 1472 735 1528 regiam
772 1473 1005 1515 Persarum
1036 1472 1223 1515 iussisset
1252 1473 1457 1515 incendi:
1501 1489 1627 1529 expe·
1662 1467 1664 1503 Ᾰ

268 1551 387 1586 ctare
408 1543 496 1586 hoc
518 1560 602 1594 eos,
635 1561 827 1604 quorum
858 1545 988 1587 urbes
1017 1544 1195 1586 barbari
1219 1545 1446 1588 delessent.
1487 1544 1625 1586 Ebrio
1652 1548 1666 1586 st·

267 1625 415 1660 scorto
447 1618 500 1659 de
526 1625 646 1659 tanta
686 1633 733 1659 re
758 1617 950 1660 ferenti2·
996 1617 1261 1659 sententiam
1290 1633 1403 1660 unus
1431 1625 1474 1659 et·
1506 1617 1629 1665 alter,
1659 1634 1663 1672 3

268 1697 314 1732 et
341 1690 420 1748 ipsi
447 1705 571 1731 mero
604 1690 791 1741 onerati,
819 1689 1164 1731 assentiuntur.⁶
1219 1689 1312 1730 Rex
1342 1705 1518 1747 quoque
1545 1689 1630 1731 avi-
1659 1673 1662 1720 ἶ

269 1762 370 1804 dior
407 1761 537 1810 fuit,⁷
580 1778 713 1820 quam
751 1761 1006 1817 patientior:
1068 1763 1187 1825 Quin
1221 1763 1362 1815 igitur
1384 1765 1662 1804 ulciscimur·

275 1837 515 1886 Graeciam,
562 1847 606 1878 ec
637 1837 733 1878 urbi
753 1832 889 1894 faces
925 1836 1175 1876 subdimus?
1231 1833 1402 1877 Omnes
1439 1835 1661 1877 incalue-·

269 1916 371 1950 rant
414 1924 562 1950 mero:
606 1908 753 1966 itaque
800 1915 984 1964 surgunt
1022 1906 1254 1956 temulenti
1297 1906 1353 1948 ad
1398 1903 1668 1958 incendenAE

270 1982 375 2024 dam
412 1982 588 2031 urbem,
629 1980 698 2023 cui
750 1979 906 2021 armati
945 1985 1250 2037 pepercerant.
1345 1979 1518 2021 Primus
1559 1995 1659 2022 rext

269 2055 417 2113 ignem
450 2053 591 2110 regiae
625 2052 783 2102 iniecit,
819 2059 915 2094 tum
961 2051 1168 2094 convivae
1212 2057 1257 2092 et
1299 2051 1483 2094 ministri
1511 2051 1634 2108 pelli-

272 2143 442 2184 cesque.
502 2126 642 2168 Multa
680 2125 812 2167 cedro
853 2123 1078 2166 aedificata
1124 2131 1217 2166 erat
1249 2123 1383 2180 regia:
1422 2139 1532 2181 quae
1566 2140 1657 2166 cew

272 2199 421 2241 leriter
460 2199 556 2255 igne
610 2205 844 2254 concepto,
884 2197 970 2238 late
1008 2196 1124 2238 fudit
1164 2195 1432 2239 incendium.
1497 2195 1657 2252 Quod:

274 2271 349 2313 ubi
381 2270 604 2319 exercitus,
644 2269 717 2327 qui
755 2268 874 2310 haud
912 2268 1067 2326 procul
1103 2267 1242 2308 urbe8
1277 2267 1502 2317 tendebat,
1531 2283 1656 2318 eon-3

273 2328 423 2401 spexit,
454 2342 690 2384 fortuitum
719 2348 850 2392 ratus,
883 2342 939 2383 ad
970 2356 1102 2397 opem
1131 2339 1361 2381 ferendam
1393 2339 1654 2382 concurrits

276 2415 364 2458 Sed
393 2421 443 2456 ut
472 2414 528 2456 ad
556 2412 818 2455 vestibulum
847 2414 988 2471 regiae
1006 2419 1184 2455 ventum
1212 2418 1288 2462 est,
1318 2410 1470 2453 vident
1487 2425 1654 2468 regem*

278 2587 297 2611 1
326 2587 474 2622 deditis.
715 2584 737 2610 2
761 2584 932 2632 captivis.
1168 2584 1187 2614 3
1214 2591 1313 2618 tum
1341 2595 1431 2618 cum
1457 2583 1651 2617 maxime.»

364 2645 386 2672 4
413 2642 660 2674 Graecorum.
903 2640 923 2668 5
951 2639 1110 2672 ferente.
1363 2637 1383 2664 ⁶
1408 2638 1649 2672 assentiunt.-

366 2698 384 2724 7
412 2697 483 2730 fuit
511 2695 668 2728 avidior.
882 2693 900 2720 8
929 2693 986 2726 ab
1013 2693 1119 2726 urbe.
