1703 2961
200 784 225 821 (3

257 138 286 179 (JJ
547 177 551 180 ,
717 140 776 191 Q.
805 140 1004 179 CURTH
1031 141 1172 180 RUFI

258 249 371 289 intra
409 264 484 290 eos
523 249 731 291 auxilium
771 249 942 291 Dareus
982 250 1074 308 ipse
1103 255 1125 277 ¹
1161 251 1362 302 misisset,
1411 251 1626 295 dederent
1686 243 1689 294 ³,

260 320 440 362 urbem:
475 329 713 380 postquam
753 322 861 364 nihil
901 322 1004 364 inde
1029 323 1232 390 praesidii
1263 324 1537 377 mittebatur,
1569 325 1625 367 a'd
1687 313 1690 349 3

260 391 566 463 piaestitutam
597 394 715 436 diem
745 395 984 455 permisere
1010 410 1054 436 se
1092 397 1196 459 regi.
1688 443 1690 453 Α

275 451 293 468 ’
345 464 670 522 Superveniunt
699 468 858 510 deinde
891 467 1388 524 legatiAtheniensium‚
1416 477 1692 527 petentes‚9

263 544 312 578 ut
341 538 456 594 capti
482 541 599 595 apud
623 539 871 582 Granicum
902 555 1081 582 amnem
1103 542 1395 584 redderentur
1417 543 1512 584 sibi.
1552 542 1630 593 Ille

263 624 362 651 non«
385 610 467 652 hos
494 612 647 660 modo,
676 614 752 654 sed
785 614 919 654 etiam
951 621 1121 656 ceteros
1138 614 1334 658 Graecos
1355 615 1523 656 restitui
1545 608 1632 656 suis
1666 638 1675 643 —

263 681 484 724 iussurum
506 686 757 741 respondit,
783 685 909 728 finito
941 687 1117 729 Persico
1146 686 1274 729 bello.

330 787 566 829 Ceterum
594 790 782 851 Dareo
771 791 1020 840 imminens,
1050 808 1182 849 quem
1206 780 1410 834 nondum
1432 783 1635 853 Euphra-
1649 779 1695 828 1<l

264 862 374 900 ten²
407 875 632 917 superasse
655 864 937 920 cognoverat,
965 864 1161 921 undique
1190 880 1344 906 omnes
1364 866 1511 922 copias
1532 881 1636 907 con-
1692 905 1695 910 .

265 931 415 983 trahit,
434 934 537 975 totis
562 931 736 976 viribus
748 933 858 977 tanti
878 935 979 977 belli
1003 935 1237 978 discrimen
1257 937 1467 979 aditurus.
1484 937 1696 996 ¹Phry-11,

265 1004 332 1060 gia
367 1013 472 1056 erat,
505 1022 584 1063 per
604 1023 736 1064 quam
762 1008 1008 1051 ducebatur
1039 1010 1272 1061 exercitus;
1297 1005 1497 1070 pluribus
1517 1011 1644 1067 vicis,
1694 1015 1695 1018 ’

267 1093 402 1134 quam
424 1079 606 1122 urbibus
612 1079 845 1161 frequens.
906 1081 1035 1123 Tunc
1053 1080 1250 1123 habebat
1278 1081 1477 1124 nobilem
1498 1096 1637 1139 quon·
1652 1099 1685 1122 1

268 1148 407 1191 dam³
437 1147 615 1193 Midae
621 1152 804 1209 legiam:
837 1152 1059 1196 Gordium
1079 1169 1246 1194 nomen
1276 1161 1340 1195 est
1365 1145 1476 1204 urbi,
1503 1168 1638 1218 quam
1694 1152 1703 1234 ἐι

270 1221 506 1279 Sangarius
538 1225 678 1267 amnis
708 1225 939 1275 interfluit,
979 1226 1074 1283 pari
1108 1225 1337 1267 intervallo
1373 1225 1563 1268 Pontico
1596 1232 1640 1266 et
1693 1229 1698 1267 2

270 1282 425 1337 Cilicio
456 1296 569 1337 mari
609 1297 859 1341 distantem.
920 1303 1044 1340 Inter
1082 1298 1195 1340 haec
1228 1297 1367 1339 maria
1399 1297 1638 1355 angustissi-
1655 1307 1686 1330 1-

270 1381 396 1408 mum
430 1368 553 1409 Asiae
585 1371 778 1426 spatium
811 1386 900 1413 esse
931 1370 1243 1427 Comperimus,
1283 1378 1473 1428 utroque
1504 1370 1549 1411 in
1579 1385 1644 1411 ar·
1694 1384 1697 1432 ss

270 1430 335 1480 tas
361 1437 510 1481 fauces
541 1442 838 1498 compellente
862 1452 1042 1485 terram.
1109 1441 1237 1498 Quae
1267 1442 1369 1500 quia
1399 1443 1645 1485 continenti
1694 1325 1703 1501 ll

271 1510 498 1559 adhaeret,
538 1512 615 1554 sed
651 1528 810 1572 magna
841 1531 891 1557 ex
920 1522 1047 1572 parte
1077 1513 1266 1572 cingitur
1293 1514 1514 1563 fluctibus,
1553 1529 1647 1571 spe-

276 1583 584 1626 ciem'insulae
614 1586 819 1642 praebet,
859 1602 910 1629 ac
941 1586 1022 1628 nisi
1051 1593 1183 1628 tenue
1214 1587 1455 1651 discrimen*
1483 1586 1653 1648 obiice-¹
1695 1614 1703 1659 4

275 1662 354 1706 ret,
385 1655 537 1706 maria,
571 1672 682 1715 quae
714 1674 833 1701 nunc
863 1658 1028 1706 dividit,
1061 1657 1376 1700 committeret.
1695 1650 1703 1704 ἶ]

354 1728 614 1780 Alexander,
648 1730 758 1772 urbe
787 1730 832 1772 in
863 1731 1087 1774 dicionem
1115 1734 1278 1771 suam4
1306 1730 1501 1781 redacta,
1530 1732 1644 1774 Iovis
1662 1717 1700 1769 1¹¹

276 1800 496 1858 templum
538 1800 687 1844 intrat.
769 1802 1058 1854 Vehiculum,
1103 1818 1192 1860 quo
1242 1801 1465 1846 Gordium
1494 1804 1645 1846 Midae

277 1862 452 1929 patrem
490 1881 668 1917 vectum
708 1870 798 1918 esse
835 1875 1089 1926 constabat,
1140 1875 1319 1932 aspexit,
1366 1876 1486 1918 cultu
1525 1875 1647 1918 haud
1701 1930 1703 1939 Α

278 1959 382 1986 sane
412 1960 435 1987 a
466 1945 688 1988 vilioribus
717 1948 985 2005 vulgatisque
1011 1963 1091 1989 usu
1124 1947 1379 1990 abhorrens.
1438 1949 1679 1991 Notabile1

281 2024 376 2058 erat
403 2017 556 2075 iugum
587 2020 814 2061 astrictum
848 2020 1151 2078 compluribus
1177 2021 1306 2063 nodis
1325 2021 1369 2063 in
1389 2021 1648 2078 semetipsos

281 2088 536 2146 implicatis,
573 2098 617 2132 et
649 2092 889 2134 celantibus
926 2109 1073 2135 nexus.
1141 2093 1300 2136 Incolis
1335 2093 1493 2135 deinde
1533 2092 1678 2134 affir-1

282 2161 524 2210 mantibus,
564 2164 727 2206 editam
768 2180 858 2206 esse
890 2165 1071 2208 oraculo
1102 2172 1288 2216 sortem,
1328 2165 1455 2207 Asiae
1485 2165 1650 2222 potitu-

282 2246 404 2295 rum,
437 2234 511 2290 qui
544 2235 843 2293 inexplicabile
871 2238 1098 2281 vinculum
1125 2237 1343 2286 solvisset,
1383 2237 1545 2294 cupido
1587 2238 1650 2279 in-
1698 2291 1703 2312 ι

285 2304 413 2345 cessit
444 2307 592 2349 animo
621 2310 749 2351 sortis
779 2310 870 2353 eius
894 2310 1155 2367 implendae.
1218 2309 1348 2352 Circa
1378 2324 1526 2367 regem
1554 2313 1703 2399 eratx}

287 2376 592 2437 etPhrygum
631 2368 759 2423 turba
801 2389 845 2424 et
873 2382 1200 2432 Macedonum,
1240 2382 1309 2424 illa
1348 2382 1651 2439 expectatione

287 2447 512 2507 suspensa,
560 2451 670 2497 haec
719 2453 902 2498 sollicita
954 2470 1003 2497 ex
1050 2454 1283 2496 temeraria
1323 2454 1432 2511 regis
1472 2453 1651 2496 fiducia:

1694 1563 1703 1599 'l

292 2593 309 2617 ¹
335 2593 440 2640 ipsis.
591 2593 612 2619 2
644 2595 891 2642 Euphratem,
927 2597 980 2630 sic
1015 2595 1166 2641 ubique.
1311 2595 1331 2626 3
1361 2595 1558 2642 quondam
1583 2608 1651 2631 no-

338 2661 341 2669 ’
378 2646 508 2681 bilem.
711 2650 733 2681 4
765 2661 870 2683 suam
897 2649 1100 2687 ditionem.
1468 2647 1471 2650 ⁴
1608 2647 1611 2649 ⁸
