1703 2961
435 118 516 160 DE
547 116 754 161 GESTIS
785 116 952 159 ALEx.
992 118 1064 168 lx,
1111 118 1177 160 29.
1401 121 1486 163 329

74 239 124 269 ισ
209 231 423 272 Intererat
450 230 584 287 epulis
613 229 857 287 Dioxippus
893 228 1182 282 Atheniensis,
1214 232 1330 290 pugil
1361 233 1548 282 nobi-29

131 304 194 351 lis,
224 309 269 343 et
298 304 355 344 ob
396 303 600 345 eximiam
639 302 847 343 virtutem
887 302 1045 343 virium
1082 304 1171 359 regi
1203 312 1413 359 pernotus
1445 312 1488 346 et

130 381 291 430 gratus.
359 375 496 416 Invidi
536 374 799 431 malignique
839 374 1127 429 increpabant
1167 391 1247 431 per
1290 377 1398 417 seria
1445 384 1490 419 et

128 446 304 494 ludum,
362 446 538 503 saginati
599 446 796 501 corporis
861 445 981 502 sequi
1038 446 1237 488 inutilem
1291 448 1489 489 beluam:

133 533 235 558 cum
266 518 342 572 ipsi
373 518 590 574 proelium
620 517 800 563 inirent,
833 517 929 558 oleo
950 517 1204 560 madentem
1226 535 1489 576 praeparare

73 597 331 630 17ventrem
371 590 520 646 epulis.
590 588 759 629 Eadem
796 589 925 644 igitur
963 589 1008 629 in
1051 592 1249 632 convivio
1278 593 1489 634 Horratas

132 661 324 703 Macedo
355 661 442 702 iam
481 661 748 702 temulentus
784 661 1048 717 exprobrare
1089 661 1126 702 ei
1170 664 1316 720 coepit
1342 672 1385 706 et
1413 682 1490 720 po·

134 733 306 781 stulare,
331 741 391 783 ut,
434 733 467 774 si
498 733 564 773 vir
602 739 732 780 esset,
766 740 946 788 postero
985 732 1055 773 die
1095 748 1243 776 secum
1273 735 1391 778 ferro
1421 739 1492 781 de·

136 813 358 846 cerneret:
387 820 535 862 regem
568 805 748 846 tandem
778 804 845 845 vel
878 805 930 845 de
955 819 1029 845 sua
1061 807 1320 859 temeritate,
1352 811 1416 852 vel
1438 811 1492 853 de

76 876 249 918 18illius
286 877 452 934 ignavia
488 877 798 920 iudicaturum.
863 877 923 917 Et
961 892 984 918 a
1025 877 1259 935 Dioxippo,
1296 890 1493 924 contem-

134 948 249 1004 ptim
290 950 525 991 militarem
571 949 774 990 eludente
805 948 1031 999 ferociam,
1072 959 1252 1007 accepta
1294 955 1492 997 conditio

137 1028 211 1061 est.
268 1023 333 1062 Ac
361 1029 539 1078 postero
572 1021 639 1062 die
682 1035 766 1070 rex,
801 1036 903 1062 cum
932 1021 1065 1062 etiam
1095 1023 1235 1064 acrius
1266 1034 1493 1069 certarnen

138 1101 443 1148 exposcerent,
487 1094 586 1150 quia
636 1094 857 1134 deterrere
901 1107 992 1133 non
1039 1101 1234 1149 poterat,
1279 1095 1493 1139 destinata

76 1175 122 1205 19
139 1165 290 1221 exequi
330 1181 480 1221 passus
519 1173 595 1206 est.
661 1166 816 1220 Ingens
855 1162 928 1205 hic
979 1164 1190 1217 militum,
1233 1167 1349 1208 inter
1387 1184 1498 1225 quos

139 1243 264 1277 erant
308 1235 490 1286 Graeci,
531 1236 603 1293 qui
646 1236 867 1292 Dioxippo
915 1237 1174 1285 studebant,
1231 1248 1499 1283 convenerat

137 1308 390 1349 multitudo.
469 1308 658 1349 Macedo
704 1307 814 1348 iusta
851 1322 973 1348 arma
1013 1318 1276 1366 sumpserat,
1319 1327 1499 1355 aereum

141 1379 346 1435 clipeum,
375 1379 559 1429 hastam,
593 1393 727 1436 quam
759 1381 958 1420 sarissam
979 1390 1150 1431 vocant,
1181 1383 1301 1424 laeva
1330 1391 1498 1435 tenens,

143 1452 347 1493 dextera¹
381 1452 596 1498 lanceam,
624 1451 855 1507 gladioque
884 1452 1063 1503 cinctus,
1092 1453 1208 1496 velut
1241 1472 1344 1498 cum
1370 1458 1503 1514 pluri-

81 1525 222 1566 20bus
251 1524 379 1565 simul
410 1523 708 1564 dimicaturus.
776 1524 1022 1580 Dioxippus
1058 1525 1154 1567 oleo
1184 1527 1328 1570 nitens
1360 1536 1403 1570 et
1432 1546 1504 1572 co-

143 1604 326 1637 ronatus
370 1596 488 1636 laeva
535 1595 776 1651 puniceum
813 1596 1074 1647 amiculum,
1112 1598 1261 1641 dextra
1308 1601 1504 1645 validum

142 1669 452 1724 nodosumque
483 1667 676 1723 stipitem
696 1666 985 1722 praeferebat.
1022 1669 1088 1710 Ea
1110 1671 1201 1727 ipsa
1219 1687 1287 1713 res
1303 1674 1505 1716 omnium

145 1740 316 1781 animos
343 1739 646 1796 expectatione
679 1739 982 1795 suspenderat:
1009 1741 1169 1798 quippe
1201 1752 1372 1786 armato
1403 1761 1510 1787 con-

82 1826 129 1850 21
145 1813 265 1870 gredi
294 1812 465 1853 nudum
497 1811 730 1860 dementia,
760 1826 853 1851 non
882 1812 1106 1855 temeritas
1137 1814 1382 1858 videbatur.
1428 1818 1508 1875 Igi-

145 1891 220 1925 tur
246 1883 452 1930 Macedo,
483 1882 603 1923 haud
643 1883 801 1924 dubius
839 1883 1009 1925 eminus
1037 1885 1222 1928 interfici
1250 1903 1389 1944 posse,
1417 1889 1508 1932 lan-

149 1970 275 1997 ceam
313 1954 468 2005 emisit,
513 1969 646 2011 quam
686 1954 931 2011 Dioxippus
980 1972 1083 1998 cum
1123 1959 1270 2015 exigua
1310 1962 1510 2017 corporis

149 2025 443 2069 declinatione
473 2025 662 2077 vitasset,
691 2033 929 2083 antequam
960 2028 1028 2069 ifle
1054 2029 1227 2072 hastam
1253 2033 1510 2076 transferret

150 2100 198 2141 in
236 2099 458 2145 dextram,
498 2098 682 2148 assiluit,
722 2107 765 2140 et
801 2099 945 2156 stipite
985 2102 1179 2143 mediam
1218 2119 1316 2145 eam
1366 2104 1508 2162 fregit.

88 2188 136 2212 22
152 2171 324 2213 Amisso
350 2176 539 2226 utroque
562 2169 664 2217 telo,
703 2170 893 2213 Macedo
926 2172 1118 2229 gladium
1150 2185 1355 2231 coeperat
1384 2179 1511 2220 strin-

147 2257 268 2298 gere:
307 2257 440 2298 quem
493 2248 763 2298 occupatum
813 2245 1058 2300 complexu,
1107 2248 1293 2303 pedibus
1325 2257 1510 2306 repente

149 2314 395 2362 subductis,
433 2313 678 2370 Dioxippus
715 2316 913 2357 arietavit
949 2317 994 2358 in
1033 2325 1219 2370 terram,
1266 2330 1509 2379 ereptoque

150 2384 306 2441 gladio,
333 2385 496 2442 pedem
535 2400 665 2442 super
695 2387 911 2429 cervicem
949 2389 1146 2431 iacenti²
1181 2392 1402 2449 imposuit,
1438 2395 1511 2436 sti-

153 2456 294 2512 pitem
321 2456 554 2509 intentans,
589 2457 855 2516 elisurusque
885 2475 938 2502 eo
970 2461 1149 2514 victum,
1187 2465 1233 2506 ni
1261 2465 1510 2522 prohibitus

153 2620 171 2644 1
196 2619 338 2655 dextra.
541 2620 563 2646 2
588 2623 763 2658 iacentis.
