1703 2961
364 119 446 162 DE
479 117 686 162 GESTIS
710 117 881 160 ALEX.
916 117 1031 167 VIII,
1070 113 1141 161 34.
1391 116 1470 156 281

124 234 299 275 Patrem
329 231 538 273 Liberum
559 231 704 287 'atque
734 230 969 272 Herculem
998 229 1114 270 fama
1145 229 1343 286 cognitos
1372 243 1474 278 esse,

73 320 92 341 ἰ
124 306 264 362 ipsum
297 319 446 345 coram
479 303 627 345 adesse
656 302 876 357 cernique.
905 302 1026 365 ¹Rex
1057 300 1243 356 benigne
1275 308 1478 354 exceptos

61 424 63 431 Ι
124 375 245 432 sequi
270 376 413 423 iussit,
453 376 608 416 iisdem
643 373 847 415 itinerum
888 374 1072 415 ducibus
1117 387 1283 413 usurus·
1346 371 1475 414 Cete-

125 462 226 488 rum
257 463 359 489 curn
399 447 581 502 amplius
617 460 750 487 nemo
790 453 1064 494 occurreret,
1102 444 1477 500 Hephaestionem

123 526 167 560 et
193 519 448 561 Perdiccam
478 534 581 561 cum
620 518 847 574 copiarum
877 525 1001 574 parte
1026 516 1252 574 praemisit
1278 516 1334 558 ad
1365 515 1480 557 subi-

123 591 300 647 gendos,
341 590 412 646 qui
455 597 758 631 aversarentur
785 590 1040 646 imperium:
1076 589 1282 645 iussitque
1315 587 1371 628 ad
1401 586 1480 628 flu-

123 677 227 704 men
254 662 417 703 Indum
453 662 707 718 procedere,
745 669 790 703 et
827 662 994 718 navigia
1035 661 1193 708 facere,
1223 659 1317 716 quis
1347 659 1391 700 in
1417 658 1482 699 ul-

72 745 91 773 3
124 735 285 775 teriora
323 734 612 791 transportari
651 741 799 789 posset
840 735 1061 776 exercitus.
1119 731 1195 781 Illi,
1228 733 1326 788 quia
1353 730 1479 786 plura

123 805 307 846 flumina
345 806 590 862 superanda
631 813 774 857 erant,
811 806 871 848 sic
911 807 1087 847 iunxere
1118 817 1259 852 naves,
1292 809 1342 843 ut
1369 800 1481 842 solu-

71 891 94 915 4
123 884 196 918 tae
225 878 423 931 plaustris
463 877 561 919 vehi
600 887 790 933 possent,
831 893 1064 934 rursusque
1095 874 1315 931 coniungi.
1374 873 1482 914 Post

125 963 170 990 se
210 949 397 992 Cratero
440 965 542 992 cum
580 951 794 1008 phalange
830 953 945 992 iusso
983 948 1126 1005 sequi,
1157 946 1402 1002 equitatum
1429 959 1480 986 ac

123 1020 263 1062 levem
295 1030 567 1063 armaturam
595 1023 753 1073 eduxit,
791 1037 963 1080 eosque,
994 1021 1066 1078 qui
1099 1025 1397 1067 occurrerant,
1425 1017 1484 1058 le-

74 1105 90 1131 s
123 1092 164 1133 vi
207 1094 376 1147 proelio
417 1095 463 1135 in
501 1095 660 1135 urbem
698 1095 948 1150 proximam
989 1090 1217 1148 compulit.>
1282 1092 1376 1130 lam
1416 1105 1483 1130 su-

124 1174 384 1220 pervenerat
419 1165 640 1207 Craterus.
712 1168 864 1223 Itaque
908 1172 957 1206 ut
1003 1162 1219 1220 principio
1263 1169 1482 1203 terrorem

83 1236 345 1297 *incuteret
396 1237 512 1294 genti
572 1237 774 1278 nondum
815 1252 936 1278 arma
978 1235 1281 1278 Macedonum
1337 1248 1485 1290 exper-

124 1315 209 1356 tae,
244 1310 477 1366 praecipit,
513 1325 568 1350 ne
612 1308 681 1351 cui
718 1315 999 1365 parceretur,
1034 1305 1318 1352 munimentis
1351 1305 1482 1356 urbis,

76 1386 98 1414 6
129 1395 262 1435 quam
313 1382 566 1431 obsidebat,
630 1379 830 1424 incensis.
899 1379 1110 1421 Ceterum
1151 1378 1258 1418 dum
1308 1377 1486 1435 obequi-

127 1453 220 1490 tat¹
263 1451 521 1499 moenibus,
557 1451 708 1508 sagitta
757 1453 868 1493 ictus
910 1458 986 1493 est.
1056 1449 1188 1505 Cepit
1226 1455 1377 1490 tamen
1409 1463 1486 1504 op-

127 1521 303 1577 pidum,
347 1530 400 1563 et.
434 1512 642 1566 omnibus
670 1524 824 1567 incolis
874 1523 965 1565 eius
1005 1521 1244 1571 trucidatis,
1278 1521 1412 1562 etiam
1439 1522 1486 1563 in

127 1600 242 1635 tecta
268 1595 479 1636 saevitum
510 1594 600 1637 ests
1040 1638 1044 1642 .

78 1679 97 1706 7
208 1667 315 1707 Inde
341 1668 505 1709 domita
538 1667 715 1724 ignobili
742 1673 883 1723 gente,
929 1667 983 1708 ad
1009 1662 1175 1724 Nysam
1204 1665 1362 1706 urbem
1389 1677 1548 1722 per-35

127 1739 257 1780 venit.
332 1740 466 1781 Forte
510 1740 659 1782 castris
696 1746 796 1780 ante
836 1738 925 1794 ipsa
967 1737 1176 1778 moenia²
1220 1737 1267 1778 in
1305 1737 1486 1779 silvestri

128 1813 230 1854 loco
264 1812 448 1870 -positis,
504 1819 776 1854 nocturnum
825 1810 958 1866 frigus
1005 1809 1308 1851 vehementius
1352 1824 1486 1866 quam

133 1889 234 1930 alias
266 1886 453 1927 horrore
491 1898 679 1939 corpora
721 1882 890 1932 affecit,
928 1889 1317 1939 opportunumque
1347 1897 1489 1923 reme-

83 1975 100 2002 8
138 1961 259 2003 dium
283 1957 392 2015 ignis
413 1956 613 1997 oblatum
641 1962 718 1999 est.
756 1954 904 1996 Caesis
930 1955 1090 2011 quippe
1121 1953 1231 1994 silvis
1260 1953 1489 1994 flammam

106 2054 111 2058 -
135 2031 444 2077 excitaverunt,
477 2043 600 2084 quae,
629 2027 716 2083 igni
748 2026 900 2074 alito,3
937 2026 1264 2082 oppidanorum
1290 2025 1488 2082 sepulcra

136 2100 484 2157 comprehendit.
547 2100 730 2141 Vetusta
771 2099 902 2141 cedro
949 2105 1075 2139 erant
1118 2097 1284 2145 facta,4
1333 2112 1490 2139 conce-

132 2182 349 2232 ptumque
384 2173 528 2229 ignem
567 2172 652 2213 late
687 2171 859 2220 fudere,
901 2169 1042 2212 donec
1089 2171 1238 2211 omnia
1279 2169 1374 2211 solo
1422 2185 1491 2210 ae-

84 2265 104 2295 9
137 2254 267 2304 quata
294 2253 407 2287 sunt.
470 2245 530 2287 Et
564 2260 615 2286 ex
643 2244 753 2285 urbe
778 2243 972 2297 primum
1003 2257 1164 2284 canum
1193 2242 1386 2292 latratus,
1419 2241 1492 2283 de-

132 2319 234 2360 inde
271 2318 404 2360 etiam
439 2316 675 2358 hominum
709 2315 909 2356 fremitus
950 2315 1123 2356 auditus
1157 2321 1232 2356 est.
1298 2315 1416 2355 Tum
1447 2321 1492 2355 et

135 2390 342 2447 oppidani
371 2389 562 2437 hostem,
593 2395 637 2429 et
664 2387 934 2430 Macedones
961 2387 1018 2428 ad
1048 2387 1205 2428 urbem
1237 2385 1385 2443 ipsos⁵
1421 2401 1491 2428 ve-

139 2555 156 2581 1
184 2554 447 2600 obequitabat.
548 2555 570 2582 2
593 2554 749 2588 moenia
775 2553 870 2599 ipsa.
976 2552 996 2582 3
1024 2553 1087 2588 De
1112 2555 1360 2588 coniectura:
1386 2552 1489 2589 alita.

227 2610 249 2639 4
274 2609 376 2643 facta
401 2615 522 2642 etant.
658 2609 679 2637 5
703 2609 806 2654 ipsos
833 2607 880 2643 ad
905 2607 1052 2642 urbem.
