1703 2961
248 124 327 165 138
483 122 487 125 ·
700 123 757 179 Q.
780 123 986 168 CURTu
1011 124 1154 170 RUFI

178 239 234 284 26

244 308 445 348 omnium
485 307 613 350 simul
653 308 788 351 corda
821 309 1081 368 animosque
1118 309 1306 353 horrore
1342 313 1600 367 perstrinxe-

240 388 321 429 rat,
350 395 429 422 nec
461 388 536 421 aut
566 380 796 423 consilium
835 383 1106 439 suppetebat,
1149 390 1224 424 aut
1254 398 1354 424 vox:
1388 399 1492 426 cum
1519 389 1601 427 Ar-

241 454 428 502 tabazus,
450 452 764 494 vetustissimus
784 453 1043 503 amicorum,
1075 469 1208 511 quem
1228 454 1449 511 hospitem
1466 456 1597 499 fuisse

238 525 427 581 Philippi
466 540 593 581 saepe
635 524 831 575 diximus,
866 529 965 568 Nos
1002 542 1122 574 vero,
1147 526 1300 583 inquit,
1330 531 1597 582 preciosissi-

238 616 350 640 mam
386 600 581 640 vestem¹
626 601 785 648 induti,
821 603 1034 655 armisque
1072 610 1234 656 quanto
1261 603 1451 644 maximo
1477 603 1597 644 cultu

235 689 464 728 possumus
501 668 716 720 adornati,
751 689 893 727 regem
929 677 975 715 in
1005 676 1139 715 aciem
1167 689 1399 729 sequemur,
1426 691 1477 715 ea
1505 678 1597 730 qui-

237 749 334 787 dem
372 757 522 794 mente,
557 755 607 786 uc
639 747 907 788 victoriam²
941 763 1169 801 speremus,
1212 757 1392 789 mortem
1421 763 1505 789 nou
1534 764 1596 788 re-

235 835 436 862 cusemus.
499 817 688 858 Assensu
727 833 935 874 excepere
965 819 1098 861 ceteri
1128 818 1244 860 hanc
1271 833 1443 861 vocem.
1505 819 1595 861 Sed

233 892 524 939 Nabarzanes,
559 887 633 946 qui
672 889 717 930 in
755 890 914 932 eodem
957 889 1138 933 consilio
1172 896 1268 931 erat
1306 905 1409 932 cum
1447 891 1595 942 Besso,

235 964 420 1006 inauditi
460 968 588 1004 antea
625 961 833 1003 facinoris
871 963 1080 1004 societate
1118 962 1238 1013 inita,
1276 977 1424 1019 regem
1466 978 1595 1004 suum

232 1051 312 1093 per
351 1035 523 1084 milites,
560 1034 718 1091 quibus
753 1034 886 1076 ambo
927 1042 1174 1091 praeerant.
1215 1034 1595 1091 comprehendere

231 1116 277 1150 et
314 1107 478 1150 vincire
517 1105 826 1155 decreverant,
865 1122 914 1148 ea
955 1114 1127 1158 mente,
1170 1113 1230 1157 ut,
1273 1107 1307 1148 si
1346 1105 1593 1148 Alexander

231 1181 349 1238 ipsos
389 1180 609 1220 insecutus
642 1177 781 1226 foret,
823 1178 985 1219 tradito
1022 1194 1124 1236 rege
1166 1178 1264 1219 vivo
1300 1177 1461 1218 inirent
1501 1193 1594 1234 gra-

231 1253 340 1295 tiam
369 1250 557 1299 victoris,
599 1249 745 1305 magni
785 1249 988 1304 profecto
1027 1251 1191 1307 cepisse
1229 1250 1428 1291 Dareum
1469 1250 1595 1290 aesti-

230 1324 410 1372 maturi,
443 1323 509 1364 sin
539 1328 687 1362 autem
721 1336 823 1362 eum
853 1322 1044 1378 effugere
1070 1322 1326 1377 pOtuissent,
1359 1320 1593 1363 interiecto

326 235 445 277 Ilaec
487 235 659 277 dicente
704 235 876 288 Dareo,
921 237 1161 294 praesentis
1207 238 1390 296 periculi
1434 241 1666 298 speciesnt.

1623 1391 1631 1414 'i

229 1396 390 1444 Dareo,
432 1408 617 1450 regnum
657 1392 770 1449 ipsi³
814 1401 1099 1449 occuparent,
1129 1392 1383 1448 bellumque
1412 1408 1595 1435 renova-
1633 1419 1635 1421 -
1691 1415 1693 1432 ι

229 1476 341 1509 rent.
407 1467 505 1508 Hoc
542 1463 829 1521 parricidium
871 1479 974 1506 cum
1016 1464 1090 1505 diu
1115 1465 1394 1511 volutassent,
1425 1464 1594 1506 Nahar-

227 1555 356 1583 zanes
394 1537 564 1579 aditum
595 1536 786 1577 nefariae
826 1535 916 1591 spei
957 1551 1237 1592 praeparans,
1281 1538 1394 1586 Scio,
1428 1553 1504 1587 me,
1531 1536 1594 1578 in-

229 1613 336 1670 quit,
363 1613 620 1652 sentenciam
651 1626 742 1649 esse
771 1611 1001 1659 dicturum,
1029 1610 1173 1663 prima
1199 1612 1343 1665 specie
1370 1611 1592 1666 haudqua-

226 1702 356 1742 quam
391 1685 569 1725 auribus
608 1685 698 1724 cuis
735 1693 922 1736 gratam.
989 1683 1076 1722 Sed
1111 1683 1269 1722 medici
1302 1698 1468 1738 quoque
1492 1698 1590 1736 gra-

223 1762 371 1803 viores
401 1757 570 1798 morbos
599 1757 768 1809 asperis
796 1756 1001 1796 remediis
1031 1765 1195 1803 curant,
1236 1765 1281 1796 ec
1315 1756 1591 1809 gubernator,

224 1833 299 1873 ubi
341 1829 618 1888 naufragium
659 1829 798 1877 timec,
831 1831 1000 1869 iactura
1055 1829 1262 1884 quicquid
1292 1831 1464 1869 servari
1491 1841 1588 1882 poc-

225 1915 293 1945 esc
338 1904 528 1944 redimit.
599 1902 700 1953 Ego
743 1910 901 1950 tamen,
960 1915 1044 1942 non
1081 1912 1131 1942 uc
1167 1903 1370 1942 damnum
1413 1904 1587 1958 quidem

210 1975 384 2035 facias,
423 1977 594 2025 suadeo,
631 1975 710 2015 sed
749 1984 799 2016 uc
827 1984 870 2015 ce
898 1990 950 2014 ac
980 1989 1155 2028 regnum
1181 1983 1302 2014 tuum
1329 1975 1495 2016 salubri
1521 1991 1589 2017 ra-

224 2053 343 2092 tione
371 2064 609 2090 conserves.
668 2048 777 2087 Diis
807 2048 1010 2088 adversis
1038 2047 1192 2087 bellum
1223 2049 1396 2100 inimus,
1423 2059 1468 2090 ec
1491 2065 1586 2104 per—

223 2126 353 2164 tinax
385 2119 570 2181 fortuna
614 2122 767 2161 Persas
806 2136 956 2174 urgere
995 2135 1080 2162 non
1105 2121 1280 2162 desinit.
1329 2124 1479 2164 Novis
1507 2124 1587 2163 im·-

222 2199 304 2238 tiis
333 2207 376 2237 et
405 2195 619 2237 ominibus
645 2209 754 2248 opus
781 2204 860 2235 est.
915 2195 1172 2248 Auspicium
1201 2205 1246 2235 ec
1273 2196 1500 2249 imperium
1526 2199 1588 2237 in·

223 2273 350 2312 terim
391 2271 472 2309 alii
510 2270 687 2317 crade,⁴
727 2269 805 2324 qui
842 2268 1014 2308 tamdiu
1047 2282 1126 2307 rex
1165 2268 1421 2321 appelletur,
1450 2271 1586 2310 donec

221 2346 334 2387 Asia
361 2343 543 2383 decedat
567 2343 722 2390 boscis,
748 2343 895 2382 victor
920 2341 1076 2381 deinde
1103 2355 1274 2393 regnum
1304 2342 1390 2382 cibi
1409 2343 1584 2383 reddat.

223 2420 322 2461 IIoc
362 2425 506 2456 autem
550 2416 675 2456 brevi
710 2412 909 2473 futurum
949 2415 1066 2455 racio
1112 2416 1358 2468 promittit.
1420 2417 1588 2457 Bactra

222 2588 240 2615 1
270 2585 544 2634 pretiosissima
566 2585 739 2619 vestium.
940 2584 961 2610 2
984 2584 1186 2620 victoriam
1211 2592 1266 2620 ut.
1453 2584 1474 2615 3
1499 2585 1586 2620 sibi.

314 2643 335 2672 4
361 2641 427 2675 alii
453 2640 559 2673 trade
584 2639 750 2672 interim.

1623 1482 1703 1514 3,:'
