1703 2961
434 145 515 187 DE
559 143 767 188 GESTIS
811 145 978 188 ALEX.
1026 148 1096 196 IX,
1131 150 1167 188 1.
1398 150 1478 192 305

126 258 207 300 reis
234 257 421 314 singulos
450 257 608 298 donat:
645 255 800 298 ceteris
842 273 1017 314 quoque
1056 272 1136 313 pro
1169 259 1373 314 portione
1403 268 1480 303 aut

125 330 295 385 gradus,
335 345 466 386 quem
509 329 552 369 in
593 326 820 369 amicitia¹
865 328 1146 379 obtinebant,
1180 338 1255 371 aut
1296 340 1476 375 navatae

75 416 91 441 7
126 416 296 457 operae,
326 401 467 441 honos
506 398 678 439 habitus
708 405 784 439 est.
840 399 1054 450 Abisares,
1087 400 1160 457 qui
1191 400 1310 456 prius
1338 417 1471 458 quam

123 486 225 512 cum
259 473 373 513 Poro
421 470 704 512 dimicaretur
742 470 906 525 legatos
935 471 990 512 ad
1019 471 1316 513 Alexandrum
1347 474 1472 516 mise-

121 550 201 591 rat,
245 557 391 584 rursus
432 542 536 583 alios
573 542 703 588 misit,
745 543 1010 597 pollicentes,
1048 543 1197 584 omnia
1233 543 1469 593 facturum,

120 629 230 670 quae
260 615 524 670 imperasset,
550 612 686 653 modo
714 628 770 654 ne
801 621 1030 670 cogeretur
1058 629 1216 669 corpus
1240 629 1366 656 suum
1399 616 1471 658 de-

121 685 244 725 dere:
285 701 426 741 neque
470 684 587 724 enim
628 690 704 725 aut
741 684 833 725 sine
869 685 988 741 regio
1016 685 1201 742 imperio
1236 685 1470 738 victurum,

68 771 87 798 s
120 763 196 796 aut
229 764 512 812 regnaturum
552 770 641 797 esse
683 755 916 811 captivum.
973 756 1057 799 Cui
1087 757 1334 799 Alexander
1364 773 1474 800 nun-

118 827 215 867 tiari
242 827 373 874 iussit,
405 827 438 868 si
477 833 729 885 gravaretur
757 827 814 869 ad
841 842 886 870 se
916 828 1075 880 venire,
1106 829 1251 885 ipsum
1283 830 1338 872 ad
1369 845 1470 872 eum

117 913 206 940 esse
237 907 484 942 venturum.

199 971 326 1020 Hinc,
360 971 475 1013 Poro
501 974 663 1013 amne2
709 978 926 1027 superato,
970 971 1024 1014 ad
1061 971 1268 1014 interiora
1319 974 1468 1016 Indiae
1503 980 1529 1018 2

61 1057 83 1089 9
114 1043 335 1099 processit.
401 1043 539 1085 Silvae
578 1050 703 1085 erant
737 1058 876 1100 prope
907 1043 950 1084 in
988 1044 1255 1085 immensum
1279 1045 1470 1101 spatium

116 1115 310 1165 diffusae,
340 1115 621 1171 procerisque
663 1123 707 1157 et
734 1115 779 1156 in
808 1114 1011 1156 eximiam
1040 1114 1312 1157 altitudinem
1345 1117 1469 1159 editis

52 1204 100 1228 10
115 1187 343 1228 arboribus
375 1188 621 1228 umbrosae.
685 1186 884 1243 Plerique
922 1186 1034 1226 rami
1062 1185 1197 1227 instar
1225 1187 1467 1244 ingentium

112 1257 309 1313 stipitum
341 1256 437 1298 flexi
476 1257 521 1298 in
550 1257 750 1308 humum,
790 1272 938 1298 rursus
967 1273 1051 1314 qua
1092 1273 1136 1299 se
1183 1269 1470 1303 curvaverant

114 1329 402 1385 erigebantur,
435 1329 546 1369 adeo
575 1336 624 1370 ut
652 1329 814 1385 species
843 1336 953 1371 esset
977 1344 1069 1370 non
1105 1330 1217 1371 rami
1247 1345 1468 1389 resurgem

51 1423 96 1445 11
112 1399 178 1449 tis,
209 1400 282 1441 sed
319 1400 486 1441 arboris
523 1416 573 1441 ex
615 1416 691 1442 sua
720 1401 869 1443 radice
899 1408 1145 1457 generatae.
1207 1401 1331 1444 Coeli
1360 1411 1469 1446 tem-

111 1471 252 1527 peries
284 1470 483 1521 salubris;
514 1472 672 1529 quippe
702 1479 746 1513 et
774 1472 863 1513 vim
894 1472 995 1514 solis
1024 1473 1207 1515 umbrae
1236 1474 1394 1526 levant,
1418 1485 1469 1518 -et

54 1558 250 1600 12aquae
281 1543 421 1600 largae
458 1551 642 1584 manant
679 1559 701 1586 e
727 1544 936 1586 fontibus.
1010 1541 1220 1587 Ceterum
1257 1547 1329 1589 hic
1361 1564 1469 1605 quo-

113 1630 198 1671 que
233 1614 502 1671 serpentium
540 1629 697 1670 magna
746 1615 808 1656 vis
854 1621 966 1664 erat,
1013 1610 1203 1671 squamis
1251 1617 1468 1675 fulgorem

114 1685 205 1727 auri
243 1686 539 1727 reddentibus.
606 1685 740 1727 Virus
776 1685 896 1726 haud
932 1685 1069 1726 ullum
1109 1689 1243 1744 magis
1287 1691 1468 1732 noxium

112 1763 187 1807 est,
209 1757 369 1814 quippe
400 1771 598 1798 morsum
628 1771 834 1813 praesens
861 1771 982 1798 mors
1012 1759 1294 1814 sequebatur3
1325 1761 1468 1804 donec

37 1828 168 1880 ‹13ab
208 1828 361 1870 incolis
399 1829 646 1869 remedium
691 1828 889 1869 oblatum
919 1835 996 1871 est.
1052 1829 1166 1872 Hine
1191 1847 1271 1887 per
1297 1833 1468 1874 deserta

110 1907 291 1942 ventum
324 1908 388 1941 est
417 1899 474 1941 ad
503 1899 669 1940 flumen
699 1899 977 1957 Hyarotim-³
1031 1903 1238 1943 Iunctum
1270 1911 1362 1944 erat
1390 1903 1469 1944 flu-

112 1972 221 2012 mini
248 1987 414 2023 nemus,
456 1987 646 2028 opacum
688 1972 920 2013 arboribus
957 1973 1057 2014 alibi
1094 1973 1320 2018 inusitatis,
1352 1989 1469 2029 agre-

50 2043 333 2100 14stiumque
360 2059 581 2101 pavonum
611 2043 889 2084 multitudine
920 2042 1137 2101 frequens.
1174 2044 1338 2086 Castris
1366 2045 1467 2087 inde

112 2115 259 2165 motis,
297 2115 512 2171 oppidum
551 2115 670 2156 haud
705 2115 862 2171 procul
899 2115 1095 2171 positum
1135 2131 1300 2159 corona
1337 2117 1466 2173 capit,

113 2185 423 2243 obsidibusque
455 2187 645 2243 acceptis
673 2186 938 2243 stipendium
969 2187 1171 2243 imponit.

195 2257 266 2298 Ad
291 2272 496 2314 magnam
538 2258 707 2307 deinde,
743 2266 792 2299 ut
820 2259 865 2300 in
893 2274 942 2300 ea
967 2259 1157 2315 regione,
1189 2258 1343 2300 urbem
1373 2274 1469 2316 per-

113 2329 242 2379 venit,
282 2344 374 2370 non
413 2345 541 2371 muro
580 2331 744 2380 solum,
783 2331 859 2372 sed
888 2330 1020 2371 etiam
1048 2330 1207 2386 palude
1235 2331 1467 2371 munitam.

53 2416 98 2443 15
115 2400 326 2442 Ceterum
356 2400 531 2441 barbari
558 2401 766 2444 vehiculis
804 2403 919 2444 inter
955 2418 998 2443 se
1029 2401 1188 2444 iunctis
1218 2402 1468 2444 dimicaturi

113 2479 424 2514 occurrerunt:
458 2472 581 2514 tela4
623 2473 712 2516 aliis
762 2474 926 2523 hastae,
964 2474 1053 2515 aliis
1100 2489 1272 2516 secures
1323 2481 1469 2522 erant3

118 2636 136 2660 ¹
164 2637 312 2670 militia.
426 2636 448 2662 2
471 2648 686 2684 amneque.
790 2641 811 2670 3
844 2641 1077 2686 Hydraoten.
1192 2638 1215 2672 4
1241 2638 1358 2672 aliis
1386 2638 1471 2672 tela.
1490 2673 1500 2681 p

1170 2701 1210 2742 U

1504 2267 1530 2307 C)
