1703 2961
226 167 309 212 340
674 167 730 222 Q.
770 165 973 208 CURTu
1000 166 1141 210 mm

233 282 312 324 his.
374 282 527 335 Itaque
555 279 673 320 fame
711 279 939 320 dumtaxat
967 278 1212 320 vindicatus
1261 279 1472 321 exercitus
1496 287 1595 320 tan-

236 354 336 394 dem
367 353 411 393 in
452 351 688 393 Cedrosiae
726 349 832 391 sines
868 351 1140 406 perducitur.
1203 352 1421 393 Omnium
1448 367 1598 392 rerum

234 426 323 466 sola
353 424 504 465 fertilis
545 424 662 479 regio
706 429 780 472 est,
818 422 862 462 in
895 438 978 479 qua
1009 423 1163 464 stativa
1196 424 1367 472 habuit,
1401 431 1448 465 ut
1478 439 1600 465 vexa-

234 505 303 539 tos
335 496 491 538 milites
523 496 667 551 quiete
698 494 904 535 firmaret.
973 495 1056 536 Hic
1088 496 1303 537 Leonnati
1335 497 1498 538 litteras
1530 505 1663 537 ac-19

235 570 392 624 cepit,¹
441 567 680 609 conflixisse
723 567 865 623 ipsum
906 582 1009 608 cum
1046 575 1149 609 octo
1191 569 1366 610 milibus
1397 568 1598 625 peditum

235 650 279 683 et
318 640 559 682 trecentis²
594 639 812 696 equitibus
857 639 1117 679 Horitarum
1160 656 1372 696 prospero
1424 646 1596 680 eventu.

218 713 473 755 ,ACratero
496 727 672 768 quoque
695 711 874 751 nuntius
894 711 1023 758 venit,
1039 711 1210 753 Ozinen
1226 716 1241 742 ³
1277 720 1316 753 et
1335 712 1598 768 Zaflaspem,

236 786 406 827 nobiles
437 785 598 832 Persas,
633 782 928 823 defectionem
967 783 1200 825 molientes
1226 800 1457 841 oppressos
1485 800 1505 824 a
1540 800 1597 831 se,

236 858 282 898 in
318 856 501 898 vinculis
535 871 641 896 esse.
706 855 961 910 Praeposito
1007 855 1138 911 igitur
1176 857 1343 912 regioni
1391 856 1662 913 §thy-stione

237 933 447 984 (namque
474 927 642 968 Menon
674 926 922 982 praefectus
953 927 1042 967 eius
1072 943 1213 984 nuper
1242 930 1466 970 interierat
1483 942 1601 968 mor-

234 1002 327 1054 bo‚)
356 1000 402 1041 in
438 998 723 1041 Carmaniam
760 998 850 1054 ipse
888 1000 1113 1053 processit.
1176 1002 1381 1055 Aspastes
1410 1009 1503 1042 erat
1532 1017 1596 1042 sa·
1614 1011 1659 1037 21

233 1081 380 1128 trapes
420 1070 580 1128 gentis,
618 1078 844 1125 suspectus
886 1086 954 1112 res
988 1087 1150 1114 novare
1185 1072 1382 1124 voluisse,
1416 1074 1521 1115 dum
1556 1074 1600 1114 in

232 1145 358 1185 India
391 1159 466 1184 rex
497 1148 607 1183 esset
686 1142 830 1195 Quem
866 1152 1190 1194 occurrentem,
1225 1145 1287 1185 dis
1307 1145 1511 1186 simulata
1543 1145 1603 1185 ira
1620 1158 1665 1183 22

236 1216 425 1258 comiter
457 1213 680 1262 allocutus,
720 1213 827 1254 dum
868 1215 1116 1271 exploraret
1147 1231 1258 1272 quae
1289 1217 1430 1257 delata
1463 1226 1599 1268 erant,

236 1287 281 1328 in
316 1286 474 1328 eodem
511 1284 684 1325 honore
716 1284 886 1327 habuit.

170 1361 225 1405 42
323 1358 442 1400 Cum
470 1356 605 1397 inde⁴
636 1355 863 1412 praefecti,
893 1358 1004 1399 sicut
1030 1359 1297 1414 imperatum
1329 1369 1435 1408 erat,
1469 1376 1602 1417 equo-

234 1446 336 1474 rum
367 1430 760 1484 iumentorumque
787 1428 996 1486 iugalium
1023 1431 1112 1471 vim
1136 1430 1357 1487 ingentem
1387 1449 1436 1474 ex
1466 1434 1599 1483 omni,

235 1518 347 1562 quae
391 1501 471 1543 sub
514 1500 700 1555 imperio
740 1508 846 1549 erat,
876 1502 1053 1557 regione
1085 1503 1313 1551 misissent.
1342 1506 1498 1561 quibus
1531 1507 1603 1547 de-

236 1582 361 1618 erant
399 1573 736 1627 impedimenta,
773 1573 972 1615 restituit.
1038 1575 1176 1616 Arma
1221 1591 1397 1633 quoque
1430 1578 1484 1618 ad
1516 1579 1662 1634 pri—23

234 1647 401 1689 stinum
436 1644 602 1686 refecta
650 1652 752 1685 sunt
789 1646 978 1687 cultum:
1019 1649 1182 1704 quippe
1219 1648 1339 1689 haud
1380 1651 1534 1705 procul
1577 1667 1599 1692 a

234 1718 410 1760 Perside
449 1717 651 1767 aberant,
687 1732 778 1758 non
817 1725 975 1773 pacata
1016 1720 1180 1768 niodo,
1215 1721 1290 1761 sed
1329 1721 1461 1762 etiam
1495 1737 1602 1778 opu-

233 1791 364 1832 lenta.
431 1789 590 1844 Igitur,
629 1797 677 1830 ut
703 1804 834 1845 supra
868 1789 1037 1831 dictum
1069 1798 1154 1840 est,
1186 1792 1429 1833 aemulatus
1460 1794 1598 1835 Patris
1618 1812 1666 1837 24

233 1861 381 1904 Liberi
413 1876 505 1901 non
533 1861 716 1917 gloriam
748 1860 904 1909 solum,
947 1877 1080 1918 quam
1112 1878 1162 1903 ex
1190 1863 1268 1904 illis
1297 1865 1497 1919 gentibus
1532 1867 1603 1908 de-

234 1940 501 1992 portaverat,
532 1933 607 1973 sed
633 1933 766 1974 etiam
796 1932 977 1983 famam,
1006 1934 1090 1974 sive
1110 1934 1215 1975 illud
1241 1935 1492 1992 triumphus
1517 1938 1602 1979 suit

235 2007 289 2048 ab
319 2021 371 2047 eo
402 2006 598 2061 primum
629 2005 864 2052 institutus,
904 2005 989 2045 sive
1018 2005 1333 2048 bacchantium
1361 2009 1488 2057 lusus,
1519 2018 1601 2051 sta-

234 2078 320 2119 tuit
354 2076 529 2126 imitari,
572 2077 720 2118 animo
762 2090 893 2132 super
932 2076 1179 2118 humanum
1220 2078 1440 2136 fastigium
1470 2081 1597 2122 elato.

234 2149 384 2195 Vicos,
414 2162 494 2204 per
530 2164 640 2204 quos
681 2149 764 2189 iter
804 2155 908 2197 erat,
948 2148 1131 2190 floribus
1174 2154 1437 2208 coronisque
1466 2153 1662 2198 sterni25

234 2220 369 2269 iubet,
419 2219 644 2260 liminibus
690 2219 866 2260 aedium
915 2228 1104 2262 crateras
1142 2221 1243 2263 vino
1298 2224 1517 2280 repletas⁵
1561 2234 1603 2266 et

236 2291 318 2333 alia
352 2290 531 2332 eximiae
550 2290 862 2347 magnitudinis
881 2307 978 2332 vasa
1002 2292 1196 2349 disponi;
1225 2294 1420 2336 vehicula
1443 2296 1601 2338 deinde

237 2369 472 2412 constrata,
513 2369 563 2403 ut
604 2363 748 2419 plures
789 2377 945 2418 capere
977 2364 1135 2406 milites
1163 2373 1354 2422 possent,
1384 2366 1427 2407 in
1458 2368 1602 2409 taber-

234 2434 500 2477 naculorum
533 2433 721 2475 modum
751 2435 911 2485 ornari,
940 2435 1021 2478 alia
1053 2437 1249 2478 candidis
1279 2437 1392 2489 velis,
1426 2439 1506 2480 alia
1534 2455 1603 2481 ve-

1697 2369 1702 2511 ἕ

1697 2519 1702 2551 l

237 2578 256 2602 1
283 2577 438 2623 accipit.
607 2574 625 2601 2
654 2576 883 2622 quingentis.
1046 2578 1066 2608 3
1097 2579 1271 2614 Ozinem.
1411 2582 1433 2614 4
1457 2581 1600 2617 Indiae.
1696 2559 1701 2628 l

324 2633 345 2661 5
372 2631 552 2677 repletos.
1695 2631 1703 2961 l
